3272 5166
384 551 450 618 308
620 549 655 612 r.
682 491 719 612 r.
744 545 898 612 sumu
922 546 1199 616 annuamus

430 675 575 770 Signifer
585 689 664 742 aute
675 695 793 740 omnes
806 695 866 740 sna
879 668 1003 738 damna
1014 687 1048 740 et
1059 671 1181 764 gaudia
1191 690 1313 766 portat.
1383 690 1435 745 ⁵⁵5

429 791 510 858 Dira
522 789 613 854 intus
626 781 746 852 facies:
760 782 817 848 vix
829 783 963 848 Mavors
976 782 1048 873 ipse
1060 780 1207 850 videndo

428 895 581 968 Gaudeat
593 922 600 962 :
613 897 749 964 incertis
762 890 972 986 lymphatam
984 891 1182 962 horroribus
1195 893 1315 964 urbem

428 1009 593 1083 Scindunt
604 1005 761 1076 dissensu
773 1006 883 1085 vario,
896 1003 1091 1099 luctusque,
1106 1005 1284 1102 furorque,

427 1129 470 1192 Et
482 1146 602 1216 pavor,
615 1135 649 1188 et
660 1119 757 1186 caecis
769 1116 849 1208 fuga
862 1115 1069 1183 circumfusa
1081 1117 1239 1186 tenebris.

428 1230 558 1302 Bellum
571 1234 714 1299 intrasse
726 1243 845 1320 putes:
861 1227 992 1294 fervent
1003 1226 1213 1297 discursibus
1225 1253 1336 1315 arces,
1380 1245 1432 1298 ⁵60

427 1347 613 1415 Miscentur
624 1339 770 1408 clamore
783 1340 846 1405 viae
859 1363 866 1403 :
879 1337 1008 1404 ferrum
1021 1337 1186 1432 undique,
1199 1356 1233 1408 et
1244 1344 1339 1434 ignes

427 1461 542 1524 Mente
554 1452 688 1540 vident:
702 1473 808 1518 saevas
820 1464 934 1516 mente
945 1472 1105 1541 accepere
1115 1466 1262 1519 catenas.

425 1567 621 1638 Consumsit
634 1581 775 1632 ventura
787 1564 888 1629 timor
900 1558 989 1653 :jam
1001 1577 1088 1628 tecta
1100 1560 1289 1654 replerant,

425 1676 652 1772 Templaque,
666 1692 701 1744 et
711 1677 852 1766 ingratae
865 1670 1033 1739 vallantur
1045 1671 1236 1766 planctibus
1249 1699 1327 1744 arte.

472 1795 548 1858 Una
560 1811 678 1855 omnes
689 1783 876 1878 eademque
888 1783 1135 1852 subitformido
1148 1809 1209 1877 per
1220 1810 1340 1856 annos.
1378 1799 1431 1856 565

424 1906 572 1968 Poscunt
583 1897 650 1966 fata
663 1918 777 1978 senes,
791 1893 903 1975 ardet,
916 1890 1274 1987 palletquejuventus,

423 2013 516 2080 Atria
529 2009 682 2078 femineis
695 2005 866 2100 trepidant
877 2002 1006 2071 ululata
1018 2003 1174 2098 querelis.

426 2121 523 2191 Flent
534 2123 650 2215 pueri,
664 2137 697 2208 et
708 2117 813 2187 flendi
826 2133 1000 2211 nequeunt
1011 2140 1214 2209 cognoscere
1226 2141 1345 2187 causas

425 2235 584 2318 Attoniti,
596 2248 630 2301 et
641 2248 774 2301 tautum
787 2247 936 2298 matrum
947 2227 1094 2298 lamenta
1106 2231 1272 2299 timentes.
1290 2309 1293 2318 1

414 2438 475 2496 555.
498 2438 615 2512 Signifer
637 2451 699 2492 ante
723 2457 811 2492 omnes
834 2457 881 2492 sna
925 2448 984 2502 tur,
1003 2454 1060 2507 quie
1079 2439 1178 2491 inferre
1196 2437 1264 2490 solet
1282 2439 1429 2510 captivitat.

377 2520 475 2574 domm
488 2532 514 2573 et
524 2520 622 2593 gaudia
635 2529 731 2592 portat.
747 2522 804 2571 Put.
815 2537 881 2591 qau-
961 2515 1023 2570 563.
1047 2519 1190 2572 consumsit
1208 2531 1315 2573 ventum
1333 2522 1429 2574 timor:

377 2599 421 2652 dt'n
432 2612 548 2672 portans.
562 2629 597 2638 -
612 2601 687 2651 Hanc
701 2596 762 2650 lect.
780 2597 844 2668 Reg.
862 2599 882 2648 B
917 2604 978 2674 jum
992 2612 1057 2654 tecta
1070 2599 1207 2672 replerant.
1222 2602 1431 2654 Commmst'tBe·

377 2678 500 2743 exbibet,
520 2679 583 2748 Reg.
602 2678 623 2730 C
638 2690 763 2730 nostram.
783 2678 828 2728 Eu.
846 2705 882 2716 -
926 2678 993 2730 hott.
1010 2689 1153 2746 1,a,tecta
1169 2677 1301 2750 replorant
1316 2679 1373 2730 Put.
1392 2689 1432 2730 te-

377 2757 432 2811 Sna
447 2758 545 2809 damna
557 2768 582 2808 et
595 2757 694 2831 gaudia
708 2766 804 2827 portat.
819 2754 884 2808 Sen-
926 2769 968 2810 cta
981 2756 1112 2829 replerunt
1124 2755 1229 2809 Behott.
1246 2773 1268 2822 t,
1282 2775 1306 2808 a.
1319 2789 1354 2796 -
1366 2759 1430 2828 Reg.

379 2855 423 2890 tus
434 2835 513 2906 hujus
525 2835 577 2888 loci
587 2854 642 2887 uon
654 2833 722 2887 adeo
734 2847 816 2906 patet.
830 2833 882 2886 Atii
927 2835 1053 2903 Bhabet,
1059 2840 1121 2910 jam
1133 2847 1197 2889 tecta
1209 2835 1341 2909 replerant
1346 2858 1355 2898 ‚·
1365 2839 1429 2907 Reg.

378 2915 472 2968 volunt
487 2915 597 2967 dicisua
611 2916 722 2980 damna,
738 2915 801 2986 quia
814 2915 882 2985 peri·
927 2917 948 2969 C
966 2929 1083 2968 nostram
1101 2915 1162 2968 ieet.
1179 2917 1225 2968 Eu.
1238 2945 1273 2954 -
1286 2917 1432 2970 Contunttt't

378 2995 439 3047 culo
454 2997 590 3066 expositus
605 3007 674 3057 erat;
693 2993 736 3045 alii
750 2995 882 3065 interpre-
927 3008 1036 3047 ventura
1056 2989 1141 3048 timor.
1161 2997 1268 3047 Peracta
1286 3009 1382 3066 putant
1396 2997 1431 3048 ti·

379 3088 469 3128 tautut·
483 3074 676 3142 -detrimenta,
691 3093 748 3146 quae
760 3073 881 3127 illaturus
927 3077 1008 3128 moris
1021 3074 1222 3146 magnitudine,
1236 3095 1293 3148 quae
1309 3075 1430 3130 nondum

378 3167 450 3206 etti·
472 3156 519 3206 Eo.
926 3168 1079 3208 evenerant.

414 3231 475 3286 566.
486 3233 551 3284 Dira
561 3233 631 3283 intus
637 3231 731 3302 facies.
742 3230 881 3284 Horrenda
963 3235 1023 3301 564.
1042 3236 1165 3308 Inqrntoe.
1178 3237 1213 3286 Ut
1223 3254 1280 3307 quse
1292 3235 1379 3287 obiitae
1390 3249 1431 3288 tot

372 3311 464 3363 ductus
472 3309 880 3382 speciesimpieveratciritatem.
927 3315 1118 3366 sacrificiorum
1127 3313 1299 3385 adplacanda
1310 3317 1429 3368 numina.

413 3391 475 3462 557.
492 3391 602 3442 Incertis
612 3386 778 3459 lymphatam
791 3389 881 3442 bortu-
962 3392 1024 3446 566.
1042 3393 1136 3458 Ardet,
1152 3392 1428 3466 palletquejnventus.

374 3471 446 3522 ribus
458 3469 556 3520 urbem.
572 3465 664 3517 Beltot.
682 3482 704 3531 r,
718 3485 767 3536 pro
780 3465 882 3518 incertis
924 3471 1012 3523 Audet
1026 3485 1052 3524 et
1071 3473 1162 3538 timet,
1181 3473 1219 3524 iru
1233 3485 1260 3524 et
1274 3487 1360 3526 metus
1377 3474 1429 3524 mi·

375 3547 457 3600 babet
468 3547 572 3598 insanis.
585 3575 621 3585 -
632 3546 698 3613 Reg.
711 3543 808 3596 Bbanc
819 3545 879 3596 lect.
925 3565 1040 3604 scantur,

372 3625 881 3700 neg.Cnost.-Lympbatam.'l'imo·
960 3630 1021 3684 568.
1039 3629 1116 3682 ssent
1131 3628 1224 3702 pueri,
1242 3639 1269 3680 et
1279 3629 1370 3706 flendi
1382 3649 1430 3682 ne-

375 3712 411 3762 ris
424 3705 607 3779 magnitudine
622 3706 754 3757 furiatum.
772 3704 849 3758 Lacr.
920 3722 1025 3781 *queunt
1037 3729 1186 3782 cognoscere
1196 3727 1293 3763 caretas.
1311 3710 1429 3764 aMelius

413 3786 474 3855 559.
495 3785 580 3836 Coece's.
599 3783 645 3835 Vel
667 3785 728 3856 quia
748 3783 878 3855 fugientes
922 3789 1035 3854 videtur,
1048 3788 1122 3859 quod
1136 3801 1174 3840 est
1187 3791 1214 3839 iu
1226 3788 1295 3840 libro
1308 3791 1427 3860 optimo:

376 3863 499 3918 tenebras
511 3861 646 3934 quaeruut:
660 3861 700 3914 vel
711 3863 772 3934 quia
783 3865 879 3916 timore
924 3881 1056 3941 nequeunt
1064 3886 1201 3942 agnoscere
1211 3887 1308 3920 cautas.
1319 3869 1429 3922 Etiamsi

264 3948 267 3963 ¹
375 3947 481 3998 caecatis
495 3944 644 4008 mentibus,
658 3942 812 3996 nesciebant
825 3963 877 4016 quo
923 3949 991 3999 euim
1001 3960 1187 4017 cognoscente
1196 3947 1428 4018 majoribus,mul·

375 4029 514 4097 tugerent,
527 4039 557 4076 ut
568 4044 597 4078 se
608 4023 806 4077 imminentibus
820 4044 878 4076 ma·
922 4037 978 4077 tum
998 4039 1084 4076 tamen
1102 4025 1176 4076 abest
1197 4038 1226 4076 ut
1245 4039 1401 4095 agnoscant.
1412 4051 1424 4075 ι

374 4107 405 4161 lie
420 4108 561 4178 eriperent.
922 4105 1018 4156 Rtnru.
1033 4133 1069 4144 -
1080 4103 1156 4154 fient
1169 4105 1254 4175 pueri.
1272 4107 1321 4157 Hic
1335 4124 1426 4160 versut

411 4187 471 4242 562.
483 4188 697 4258 Menteaccepere
706 4194 816 4236 caunos.
826 4186 878 4237 Prae
923 4199 948 4236 et
961 4193 1073 4254 sequens
1085 4184 1189 4258 Guyeto
1202 4189 1326 4259 suspecti·

373 4269 469 4318 timore
482 4264 528 4316 itta
542 4266 597 4334 jam
608 4263 669 4335 -pati
685 4260 735 4314 sibi
749 4260 878 4315 videbun·
957 4264 1018 4334 569.
1029 4263 1154 4333 Attoniti,
1165 4276 1191 4318 et
1200 4277 1301 4320 tantiam
1310 4279 1425 4321 matrum
