<?xml version="1.0" encoding="UTF-8"?>
<!DOCTYPE html PUBLIC "-//W3C//DTD XHTML 1.0 Transitional//EN"
    "http://www.w3.org/TR/xhtml1/DTD/xhtml1-transitional.dtd">
<html xmlns="http://www.w3.org/1999/xhtml" xml:lang="en" lang="en">
 <head>
  <title>
</title>
<meta http-equiv="Content-Type" content="text/html;charset=utf-8" />
  <meta name='ocr-system' content='tesseract 3.04.00' />
  <meta name='ocr-capabilities' content='ocr_page ocr_carea ocr_par ocr_line ocrx_word'/>
</head>
<body>
  <div class='ocr_page' id='page_1' title='image "./libriquinquesil00statgoog_0256.png"; bbox 0 0 3264 5166; ppageno 0'>
   <div class='ocr_carea' id='block_1_1' title="bbox 629 569 1278 670">
    <p class='ocr_par' dir='ltr' id='par_1_1' title="bbox 629 569 1278 670">
     <span class='ocr_line' id='line_1_1' title="bbox 629 569 1278 670; baseline 0.011 -36"><span class='ocrx_word' id='word_1_1' title='bbox 629 569 772 634; x_wconf 76' lang='lat' dir='ltr'><strong>mann</strong></span> <span class='ocrx_word' id='word_1_2' title='bbox 797 570 858 634; x_wconf 78' lang='lat' dir='ltr'><strong>ix.</strong></span> <span class='ocrx_word' id='word_1_3' title='bbox 1124 613 1129 624; x_wconf 77' lang='lat'><em>·</em></span> <span class='ocrx_word' id='word_1_4' title='bbox 1200 578 1278 670; x_wconf 73' lang='lat'><strong>2⁴7:</strong></span> 
     </span>
    </p>
   </div>
   <div class='ocr_carea' id='block_1_2' title="bbox 265 691 1287 1792">
    <p class='ocr_par' dir='ltr' id='par_1_2' title="bbox 271 691 1107 792">
     <span class='ocr_line' id='line_1_2' title="bbox 271 691 1107 792; baseline 0.002 -28"><span class='ocrx_word' id='word_1_5' title='bbox 271 703 385 792; x_wconf 86' lang='lat' dir='ltr'><strong>Ipsum</strong></span> <span class='ocrx_word' id='word_1_6' title='bbox 395 710 508 764; x_wconf 89' lang='lat' dir='ltr'><strong>autem</strong></span> <span class='ocrx_word' id='word_1_7' title='bbox 520 712 555 764; x_wconf 92' lang='lat' dir='ltr'><strong>et</strong></span> <span class='ocrx_word' id='word_1_8' title='bbox 565 691 654 764; x_wconf 85' lang='lat' dir='ltr'><strong>lassa</strong></span> <span class='ocrx_word' id='word_1_9' title='bbox 665 695 743 764; x_wconf 87' lang='lat' dir='ltr'><strong>fidit·</strong></span> <span class='ocrx_word' id='word_1_10' title='bbox 748 710 962 789; x_wconf 88' lang='lat' dir='ltr'><strong>prosternere</strong></span> <span class='ocrx_word' id='word_1_11' title='bbox 973 695 1107 783; x_wconf 89' lang='lat' dir='ltr'><strong>dextra,</strong></span> 
     </span>
    </p>

    <p class='ocr_par' dir='ltr' id='par_1_3' title="bbox 268 803 1165 1010">
     <span class='ocr_line' id='line_1_3' title="bbox 269 803 1165 899; baseline 0.003 -22"><span class='ocrx_word' id='word_1_12' title='bbox 269 815 337 877; x_wconf 84' lang='lat' dir='ltr'><strong>Neo</strong></span> <span class='ocrx_word' id='word_1_13' title='bbox 348 823 460 876; x_wconf 81' lang='lat' dir='ltr'><strong>servat</strong></span> <span class='ocrx_word' id='word_1_14' title='bbox 470 811 558 876; x_wconf 88' lang='lat' dir='ltr'><strong>vires</strong></span> <span class='ocrx_word' id='word_1_15' title='bbox 570 833 578 874; x_wconf 90' lang='lat'><strong>:</strong></span> <span class='ocrx_word' id='word_1_16' title='bbox 592 809 716 874; x_wconf 87' lang='lat' dir='ltr'><strong>etenim</strong></span> <span class='ocrx_word' id='word_1_17' title='bbox 727 805 796 875; x_wconf 90' lang='lat' dir='ltr'><strong>buc</strong></span> <span class='ocrx_word' id='word_1_18' title='bbox 807 803 876 899; x_wconf 86' lang='lat' dir='ltr'><strong>jam</strong></span> <span class='ocrx_word' id='word_1_19' title='bbox 887 806 1012 890; x_wconf 86' lang='lat' dir='ltr'><strong>fessus,</strong></span> <span class='ocrx_word' id='word_1_20' title='bbox 1025 825 1059 878; x_wconf 89' lang='lat' dir='ltr'><strong>et</strong></span> <span class='ocrx_word' id='word_1_21' title='bbox 1069 808 1165 895; x_wconf 81' lang='lat' dir='ltr'><strong>illue,</strong></span> 
     </span>
     <span class='ocr_line' id='line_1_4' title="bbox 268 917 994 1010; baseline -0.001 -22"><span class='ocrx_word' id='word_1_22' title='bbox 268 920 423 988; x_wconf 88' lang='lat' dir='ltr'><strong>Mutabat</strong></span> <span class='ocrx_word' id='word_1_23' title='bbox 433 935 562 986; x_wconf 89' lang='lat' dir='ltr'><strong>turmas</strong></span> <span class='ocrx_word' id='word_1_24' title='bbox 575 945 582 985; x_wconf 92' lang='lat'>:</span> <span class='ocrx_word' id='word_1_25' title='bbox 595 933 719 1010; x_wconf 76' lang='lat' dir='ltr'><strong>urgent</strong></span> <span class='ocrx_word' id='word_1_26' title='bbox 728 921 891 1010; x_wconf 80' lang='lat' dir='ltr'><strong>praesagia</strong></span> <span class='ocrx_word' id='word_1_27' title='bbox 903 917 994 987; x_wconf 90' lang='lat' dir='ltr'><strong>mille</strong></span> 
     </span>
    </p>

    <p class='ocr_par' dir='ltr' id='par_1_4' title="bbox 267 1028 1060 1122">
     <span class='ocr_line' id='line_1_5' title="bbox 267 1028 1060 1122; baseline 0 -24"><span class='ocrx_word' id='word_1_28' title='bbox 267 1033 423 1114; x_wconf 84' lang='lat' dir='ltr'><strong>Funeris,</strong></span> <span class='ocrx_word' id='word_1_29' title='bbox 437 1046 471 1098; x_wconf 92' lang='lat' dir='ltr'><strong>et</strong></span> <span class='ocrx_word' id='word_1_30' title='bbox 482 1033 586 1122; x_wconf 75' lang='lat' dir='ltr'><strong>nigrae</strong></span> <span class='ocrx_word' id='word_1_31' title='bbox 597 1028 794 1122; x_wconf 83' lang='lat' dir='ltr'><strong>praeoedunt</strong></span> <span class='ocrx_word' id='word_1_32' title='bbox 804 1028 921 1098; x_wconf 88' lang='lat' dir='ltr'><strong>nubila</strong></span> <span class='ocrx_word' id='word_1_33' title='bbox 931 1032 1060 1098; x_wconf 89' lang='lat' dir='ltr'><strong>mortis.</strong></span> 
     </span>
    </p>

    <p class='ocr_par' dir='ltr' id='par_1_5' title="bbox 267 1139 1145 1344">
     <span class='ocr_line' id='line_1_6' title="bbox 268 1139 1145 1236; baseline 0.002 -29"><span class='ocrx_word' id='word_1_34' title='bbox 268 1144 411 1236; x_wconf 84' lang='lat' dir='ltr'>Jamque</span> <span class='ocrx_word' id='word_1_35' title='bbox 423 1144 525 1208; x_wconf 90' lang='lat' dir='ltr'><strong>miser</strong></span> <span class='ocrx_word' id='word_1_36' title='bbox 535 1163 630 1208; x_wconf 87' lang='lat' dir='ltr'><strong>raros</strong></span> <span class='ocrx_word' id='word_1_37' title='bbox 642 1143 797 1224; x_wconf 87' lang='lat' dir='ltr'>comites,</span> <span class='ocrx_word' id='word_1_38' title='bbox 811 1161 997 1236; x_wconf 88' lang='lat' dir='ltr'><strong>verumque</strong></span> <span class='ocrx_word' id='word_1_39' title='bbox 1008 1139 1145 1209; x_wconf 87' lang='lat' dir='ltr'><strong>videbat</strong></span> 
     </span>
     <span class='ocr_line' id='line_1_7' title="bbox 267 1247 1102 1344; baseline 0 -26"><span class='ocrx_word' id='word_1_40' title='bbox 267 1255 413 1336; x_wconf 87' lang='lat' dir='ltr'><strong>Dorcea,</strong></span> <span class='ocrx_word' id='word_1_41' title='bbox 423 1247 493 1342; x_wconf 81' lang='lat' dir='ltr'><strong>jorn</strong></span> <span class='ocrx_word' id='word_1_42' title='bbox 507 1253 593 1318; x_wconf 88' lang='lat' dir='ltr'><strong>vires</strong></span> <span class='ocrx_word' id='word_1_43' title='bbox 605 1249 781 1344; x_wconf 83' lang='lat' dir='ltr'>paullatim</span> <span class='ocrx_word' id='word_1_44' title='bbox 793 1249 973 1318; x_wconf 88' lang='lat' dir='ltr'><strong>abscedere</strong></span> <span class='ocrx_word' id='word_1_45' title='bbox 985 1253 1102 1334; x_wconf 83' lang='lat' dir='ltr'>sentit,</span> 
     </span>
    </p>

    <p class='ocr_par' dir='ltr' id='par_1_6' title="bbox 268 1359 1095 1455">
     <span class='ocr_line' id='line_1_8' title="bbox 268 1359 1095 1455; baseline 0 -27"><span class='ocrx_word' id='word_1_46' title='bbox 268 1362 373 1428; x_wconf 80' lang='lat' dir='ltr'>Sentit</span> <span class='ocrx_word' id='word_1_47' title='bbox 383 1376 418 1428; x_wconf 89' lang='lat' dir='ltr'><strong>et</strong></span> <span class='ocrx_word' id='word_1_48' title='bbox 429 1359 609 1429; x_wconf 81' lang='lat' dir='ltr'><strong>exhaustas</strong></span> <span class='ocrx_word' id='word_1_49' title='bbox 620 1359 762 1432; x_wconf 87' lang='lat' dir='ltr'><strong>humero</strong></span> <span class='ocrx_word' id='word_1_50' title='bbox 773 1360 897 1432; x_wconf 90' lang='lat' dir='ltr'><strong>leviore</strong></span> <span class='ocrx_word' id='word_1_51' title='bbox 909 1360 1095 1455; x_wconf 81' lang='lat' dir='ltr'><strong>pharetras.</strong></span> 
     </span>
    </p>

    <p class='ocr_par' dir='ltr' id='par_1_7' title="bbox 266 1471 1287 1679">
     <span class='ocr_line' id='line_1_9' title="bbox 266 1471 1287 1569; baseline -0.002 -29"><span class='ocrx_word' id='word_1_52' title='bbox 266 1476 342 1541; x_wconf 86' lang='lat' dir='ltr'><strong>Jam</strong></span> <span class='ocrx_word' id='word_1_53' title='bbox 351 1471 1287 1569; x_wconf 70' lang='lat' dir='ltr'><strong>minusatqueminusfertarma‚puerquevidsturestr.</strong></span> 
     </span>
     <span class='ocr_line' id='line_1_10' title="bbox 266 1581 1090 1679; baseline 0.006 -31"><span class='ocrx_word' id='word_1_54' title='bbox 266 1585 308 1649; x_wconf 89' lang='lat' dir='ltr'><strong>Et</strong></span> <span class='ocrx_word' id='word_1_55' title='bbox 320 1582 400 1666; x_wconf 91' lang='lat' dir='ltr'><strong>sibi,</strong></span> <span class='ocrx_word' id='word_1_56' title='bbox 414 1607 521 1679; x_wconf 89' lang='lat' dir='ltr'><strong>quum</strong></span> <span class='ocrx_word' id='word_1_57' title='bbox 533 1599 628 1652; x_wconf 86' lang='lat' dir='ltr'><strong>torva</strong></span> <span class='ocrx_word' id='word_1_58' title='bbox 640 1581 738 1677; x_wconf 86' lang='lat' dir='ltr'><strong>clipei</strong></span> <span class='ocrx_word' id='word_1_59' title='bbox 749 1585 952 1654; x_wconf 86' lang='lat' dir='ltr'><strong>metuendus</strong></span> <span class='ocrx_word' id='word_1_60' title='bbox 964 1582 1090 1653; x_wconf 83' lang='lat' dir='ltr'><strong>obarsit</strong></span> 
     </span>
    </p>

    <p class='ocr_par' dir='ltr' id='par_1_8' title="bbox 265 1695 1154 1792">
     <span class='ocr_line' id='line_1_11' title="bbox 265 1695 1154 1792; baseline 0.003 -33"><span class='ocrx_word' id='word_1_61' title='bbox 265 1695 356 1762; x_wconf 84' lang='lat' dir='ltr'><strong>Luce</strong></span> <span class='ocrx_word' id='word_1_62' title='bbox 368 1697 477 1788; x_wconf 77' lang='lat' dir='ltr'><strong>Dryas</strong></span> <span class='ocrx_word' id='word_1_63' title='bbox 489 1721 497 1761; x_wconf 74' lang='grc' dir='ltr'><strong><em>ε</em></strong></span> <span class='ocrx_word' id='word_1_64' title='bbox 509 1709 636 1764; x_wconf 87' lang='lat' dir='ltr'><strong>tremor</strong></span> <span class='ocrx_word' id='word_1_65' title='bbox 647 1719 707 1764; x_wconf 86' lang='lat' dir='ltr'><strong>ora</strong></span> <span class='ocrx_word' id='word_1_66' title='bbox 719 1719 842 1792; x_wconf 87' lang='lat' dir='ltr'><strong>repens</strong></span> <span class='ocrx_word' id='word_1_67' title='bbox 852 1717 893 1766; x_wconf 85' lang='lat' dir='ltr'><strong>ac</strong></span> <span class='ocrx_word' id='word_1_68' title='bbox 903 1699 1032 1765; x_wconf 81' lang='lat' dir='ltr'><strong>viscera</strong></span> <span class='ocrx_word' id='word_1_69' title='bbox 1042 1697 1154 1764; x_wconf 74' lang='lat' dir='ltr'><strong>torsit.</strong></span> 
     </span>
    </p>
   </div>
   <div class='ocr_carea' id='block_1_3' title="bbox 204 1895 1288 4347">
    <p class='ocr_par' dir='ltr' id='par_1_9' title="bbox 213 1895 1288 3394">
     <span class='ocr_line' id='line_1_12' title="bbox 219 1895 1285 1970; baseline 0.003 -24"><span class='ocrx_word' id='word_1_70' title='bbox 219 1895 293 1948; x_wconf 80' lang='lat' dir='ltr'><strong>dures</strong></span> <span class='ocrx_word' id='word_1_71' title='bbox 299 1908 408 1964; x_wconf 81' lang='lat' dir='ltr'><strong>pereunt</strong></span> <span class='ocrx_word' id='word_1_72' title='bbox 418 1896 603 1970; x_wconf 76' lang='lat' dir='ltr'><strong>Tetepbeoeque</strong></span> <span class='ocrx_word' id='word_1_73' title='bbox 609 1898 722 1969; x_wconf 76' lang='lat' dir='ltr'><strong>piaton·</strong></span> <span class='ocrx_word' id='word_1_74' title='bbox 765 1900 807 1953; x_wconf 88' lang='lat' dir='ltr'><strong>Sie</strong></span> <span class='ocrx_word' id='word_1_75' title='bbox 821 1898 949 1954; x_wconf 65' lang='lat' dir='ltr'><strong>Thebaid.</strong></span> <span class='ocrx_word' id='word_1_76' title='bbox 964 1905 997 1964; x_wconf 87' lang='lat' dir='ltr'><strong>V,</strong></span> <span class='ocrx_word' id='word_1_77' title='bbox 1013 1899 1079 1966; x_wconf 68' lang='lat'><strong>⁵462</strong></span> <span class='ocrx_word' id='word_1_78' title='bbox 1098 1899 1179 1956; x_wconf 75' lang='lat' dir='ltr'><strong>eJern</strong></span> <span class='ocrx_word' id='word_1_79' title='bbox 1193 1909 1285 1950; x_wconf 72' lang='lat' dir='ltr'><strong>oeste-</strong></span> 
     </span>
     <span class='ocr_line' id='line_1_13' title="bbox 217 1975 1274 2050; baseline 0.001 -24"><span class='ocrx_word' id='word_1_80' title='bbox 217 1993 261 2048; x_wconf 79' lang='lat' dir='ltr'><strong>qes</strong></span> <span class='ocrx_word' id='word_1_81' title='bbox 280 1979 395 2030; x_wconf 81' lang='lat' dir='ltr'><strong>Petrens.</strong></span> <span class='ocrx_word' id='word_1_82' title='bbox 417 1978 562 2050; x_wconf 82' lang='lat' dir='ltr'><strong>AEpitiique</strong></span> <span class='ocrx_word' id='word_1_83' title='bbox 582 1978 657 2032; x_wconf 82' lang='lat' dir='ltr'><strong>duces</strong></span> <span class='ocrx_word' id='word_1_84' title='bbox 671 1978 722 2049; x_wconf 83' lang='lat' dir='ltr'><strong>fu-</strong></span> <span class='ocrx_word' id='word_1_85' title='bbox 765 1979 894 2032; x_wconf 84' lang='lat' dir='ltr'><strong>maiorum</strong></span> <span class='ocrx_word' id='word_1_86' title='bbox 908 1980 1004 2032; x_wconf 81' lang='lat' dir='ltr'><strong>Mentis</strong></span> <span class='ocrx_word' id='word_1_87' title='bbox 1016 1978 1050 2030; x_wconf 84' lang='lat' dir='ltr'><strong>ab</strong></span> <span class='ocrx_word' id='word_1_88' title='bbox 1065 1977 1207 2048; x_wconf 67' lang='lat' dir='ltr'><strong>augurio·</strong></span> <span class='ocrx_word' id='word_1_89' title='bbox 1222 1975 1274 2028; x_wconf 48' lang='lat' dir='ltr'><strong>Lis</strong></span> 
     </span>
     <span class='ocr_line' id='line_1_14' title="bbox 216 2054 1288 2130; baseline 0.002 -26"><span class='ocrx_word' id='word_1_90' title='bbox 216 2054 308 2127; x_wconf 77' lang='lat' dir='ltr'><strong>qinnt,</strong></span> <span class='ocrx_word' id='word_1_91' title='bbox 322 2055 461 2127; x_wconf 76' lang='lat' dir='ltr'><strong>Teqeoeque</strong></span> <span class='ocrx_word' id='word_1_92' title='bbox 469 2055 613 2130; x_wconf 77' lang='lat' dir='ltr'><strong>pbaienqes</strong></span> <span class='ocrx_word' id='word_1_93' title='bbox 624 2054 683 2107; x_wconf 78' lang='lat' dir='ltr'><strong>Atd.</strong></span> <span class='ocrx_word' id='word_1_94' title='bbox 697 2073 721 2122; x_wconf 84' lang='lat'><strong>1,</strong></span> <span class='ocrx_word' id='word_1_95' title='bbox 764 2059 822 2111; x_wconf 85' lang='lat' dir='ltr'><strong>vius</strong></span> <span class='ocrx_word' id='word_1_96' title='bbox 833 2057 879 2110; x_wconf 91' lang='lat' dir='ltr'><strong>lib.</strong></span> <span class='ocrx_word' id='word_1_97' title='bbox 892 2059 974 2124; x_wconf 80' lang='lat' dir='ltr'>XXV,</span> <span class='ocrx_word' id='word_1_98' title='bbox 990 2057 1052 2109; x_wconf 74' lang='lat' dir='ltr'><strong>«Ad</strong></span> <span class='ocrx_word' id='word_1_99' title='bbox 1063 2057 1198 2108; x_wconf 83' lang='lat' dir='ltr'><strong>Romanos</strong></span> <span class='ocrx_word' id='word_1_100' title='bbox 1210 2057 1267 2127; x_wconf 90' lang='lat' dir='ltr'><strong>qui·</strong></span> <span class='ocrx_word' id='word_1_101' title='bbox 1284 2097 1288 2104; x_wconf 94' lang='lat'><strong>.</strong></span> 
     </span>
     <span class='ocr_line' id='line_1_15' title="bbox 218 2132 1268 2207; baseline 0.002 -24"><span class='ocrx_word' id='word_1_102' title='bbox 218 2133 367 2205; x_wconf 82' lang='lat' dir='ltr'><strong>AEpitiiqne</strong></span> <span class='ocrx_word' id='word_1_103' title='bbox 379 2134 455 2186; x_wconf 82' lang='lat' dir='ltr'><strong>duces</strong></span> <span class='ocrx_word' id='word_1_104' title='bbox 463 2132 588 2207; x_wconf 63' lang='lat' dir='ltr'><strong>fufium,</strong></span> <span class='ocrx_word' id='word_1_105' title='bbox 605 2133 722 2185; x_wconf 79' lang='lat' dir='ltr'><strong>Phenei·</strong></span> <span class='ocrx_word' id='word_1_106' title='bbox 764 2137 825 2188; x_wconf 85' lang='lat' dir='ltr'><strong>dem</strong></span> <span class='ocrx_word' id='word_1_107' title='bbox 832 2136 1029 2190; x_wconf 83' lang='lat' dir='ltr'><strong>nondumiarna</strong></span> <span class='ocrx_word' id='word_1_108' title='bbox 1037 2148 1114 2188; x_wconf 75' lang='lat' dir='ltr'><strong>tonte</strong></span> <span class='ocrx_word' id='word_1_109' title='bbox 1121 2133 1202 2186; x_wconf 87' lang='lat' dir='ltr'><strong>cladis</strong></span> <span class='ocrx_word' id='word_1_110' title='bbox 1210 2153 1268 2205; x_wconf 89' lang='lat' dir='ltr'><strong>per·</strong></span> 
     </span>
     <span class='ocr_line' id='line_1_16' title="bbox 218 2209 1266 2285; baseline 0.003 -24"><span class='ocrx_word' id='word_1_111' title='bbox 218 2228 268 2282; x_wconf 83' lang='lat' dir='ltr'><strong>que</strong></span> <span class='ocrx_word' id='word_1_112' title='bbox 280 2210 427 2285; x_wconf 79' lang='lat' dir='ltr'><strong>pbalanqes</strong></span> <span class='ocrx_word' id='word_1_113' title='bbox 435 2214 520 2282; x_wconf 73' lang='lat' dir='ltr'><strong>lang.</strong></span> <span class='ocrx_word' id='word_1_114' title='bbox 534 2209 632 2264; x_wconf 80' lang='lat' dir='ltr'><strong>Bustid.</strong></span> <span class='ocrx_word' id='word_1_115' title='bbox 646 2213 718 2282; x_wconf 83' lang='lat' dir='ltr'><strong>Lips.</strong></span> <span class='ocrx_word' id='word_1_116' title='bbox 763 2229 883 2282; x_wconf 84' lang='lat' dir='ltr'><strong>venerat,</strong></span> <span class='ocrx_word' id='word_1_117' title='bbox 896 2215 942 2268; x_wconf 88' lang='lat' dir='ltr'><strong>sed</strong></span> <span class='ocrx_word' id='word_1_118' title='bbox 952 2229 1040 2268; x_wconf 80' lang='lat' dir='ltr'><strong>tamen</strong></span> <span class='ocrx_word' id='word_1_119' title='bbox 1050 2227 1170 2266; x_wconf 83' lang='lat' dir='ltr'><strong>moestum</strong></span> <span class='ocrx_word' id='word_1_120' title='bbox 1183 2211 1266 2283; x_wconf 85' lang='lat' dir='ltr'><strong>qnod·</strong></span> 
     </span>
     <span class='ocr_line' id='line_1_17' title="bbox 218 2287 1267 2362; baseline 0.004 -23"><span class='ocrx_word' id='word_1_121' title='bbox 218 2290 305 2342; x_wconf 77' lang='lat' dir='ltr'><strong>Peter.</strong></span> <span class='ocrx_word' id='word_1_122' title='bbox 318 2288 379 2342; x_wconf 80' lang='lat' dir='ltr'><strong>Ald.</strong></span> <span class='ocrx_word' id='word_1_123' title='bbox 394 2308 422 2356; x_wconf 82' lang='lat'><strong>2,</strong></span> <span class='ocrx_word' id='word_1_124' title='bbox 435 2287 519 2344; x_wconf 89' lang='lat' dir='ltr'><strong>Colin.</strong></span> <span class='ocrx_word' id='word_1_125' title='bbox 535 2289 635 2362; x_wconf 68' lang='lat' dir='ltr'><strong>Gryph.</strong></span> <span class='ocrx_word' id='word_1_126' title='bbox 652 2307 674 2356; x_wconf 83' lang='lat'><strong>1,</strong></span> <span class='ocrx_word' id='word_1_127' title='bbox 689 2307 718 2356; x_wconf 85' lang='lat'><strong>2,</strong></span> <span class='ocrx_word' id='word_1_128' title='bbox 764 2295 827 2347; x_wconf 87' lang='lat' dir='ltr'><strong>dam</strong></span> <span class='ocrx_word' id='word_1_129' title='bbox 838 2295 968 2348; x_wconf 85' lang='lat' dir='ltr'><strong>silentium</strong></span> <span class='ocrx_word' id='word_1_130' title='bbox 983 2308 1055 2356; x_wconf 82' lang='lat' dir='ltr'><strong>erat,</strong></span> <span class='ocrx_word' id='word_1_131' title='bbox 1070 2305 1096 2345; x_wconf 91' lang='lat' dir='ltr'><strong>et</strong></span> <span class='ocrx_word' id='word_1_132' title='bbox 1107 2293 1189 2344; x_wconf 85' lang='lat' dir='ltr'><strong>tacita</strong></span> <span class='ocrx_word' id='word_1_133' title='bbox 1200 2291 1267 2343; x_wconf 81' lang='lat' dir='ltr'><strong>tlivi-</strong></span> 
     </span>
     <span class='ocr_line' id='line_1_18' title="bbox 218 2368 1286 2449; baseline 0.003 -29"><span class='ocrx_word' id='word_1_134' title='bbox 218 2368 297 2421; x_wconf 84' lang='lat' dir='ltr'><strong>Basil.</strong></span> <span class='ocrx_word' id='word_1_135' title='bbox 307 2370 390 2423; x_wconf 84' lang='lat' dir='ltr'><strong>Plant.</strong></span> <span class='ocrx_word' id='word_1_136' title='bbox 401 2385 427 2422; x_wconf 86' lang='lat' dir='ltr'><strong>et</strong></span> <span class='ocrx_word' id='word_1_137' title='bbox 435 2383 545 2424; x_wconf 86' lang='lat' dir='ltr'><strong>reeentt.</strong></span> <span class='ocrx_word' id='word_1_138' title='bbox 553 2381 663 2442; x_wconf 84' lang='lat' dir='ltr'><strong>pereunt</strong></span> <span class='ocrx_word' id='word_1_139' title='bbox 674 2370 720 2422; x_wconf 80' lang='lat' dir='ltr'><strong>Te·</strong></span> <span class='ocrx_word' id='word_1_140' title='bbox 763 2379 852 2443; x_wconf 77' lang='lat' dir='ltr'><strong>natio,</strong></span> <span class='ocrx_word' id='word_1_141' title='bbox 868 2375 952 2449; x_wconf 84' lang='lat' dir='ltr'><strong>qualis</strong></span> <span class='ocrx_word' id='word_1_142' title='bbox 962 2378 1019 2446; x_wconf 82' lang='lat' dir='ltr'><strong>jam</strong></span> <span class='ocrx_word' id='word_1_143' title='bbox 1033 2374 1192 2426; x_wconf 83' lang='lat' dir='ltr'><strong>imminentis</strong></span> <span class='ocrx_word' id='word_1_144' title='bbox 1203 2371 1286 2428; x_wconf 69' lang='lat' dir='ltr'><strong>maii...</strong></span> 
     </span>
     <span class='ocr_line' id='line_1_19' title="bbox 216 2449 1278 2530; baseline -0.009 -22"><span class='ocrx_word' id='word_1_145' title='bbox 216 2467 321 2524; x_wconf 75' lang='lat' dir='ltr'><strong>qeoeque</strong></span> <span class='ocrx_word' id='word_1_146' title='bbox 330 2449 475 2524; x_wconf 75' lang='lat' dir='ltr'><strong>ptatanqes</strong></span> <span class='ocrx_word' id='word_1_147' title='bbox 490 2449 658 2503; x_wconf 73' lang='lat' dir='ltr'><strong>habersuam</strong></span> <span class='ocrx_word' id='word_1_148' title='bbox 672 2469 719 2501; x_wconf 83' lang='lat' dir='ltr'><strong>co-</strong></span> <span class='ocrx_word' id='word_1_149' title='bbox 762 2455 978 2530; x_wconf 74' lang='lat' dir='ltr'><strong>praesaqientibnr</strong></span> <span class='ocrx_word' id='word_1_150' title='bbox 990 2453 1084 2506; x_wconf 81' lang='lat' dir='ltr'><strong>animis</strong></span> <span class='ocrx_word' id='word_1_151' title='bbox 1096 2469 1152 2505; x_wconf 81' lang='lat' dir='ltr'><strong>esse</strong></span> <span class='ocrx_word' id='word_1_152' title='bbox 1164 2450 1240 2504; x_wconf 79' lang='lat' dir='ltr'><strong>solet.</strong></span> <span class='ocrx_word' id='word_1_153' title='bbox 1250 2474 1278 2498; x_wconf 66' lang='grc' dir='ltr'><strong>ι..</strong></span> 
     </span>
     <span class='ocr_line' id='line_1_20' title="bbox 217 2526 1265 2605; baseline 0 -25"><span class='ocrx_word' id='word_1_154' title='bbox 217 2527 719 2601; x_wconf 74' lang='lat' dir='ltr'><strong>dexScbotti.—-Req.Bhabet,AEpy·</strong></span> <span class='ocrx_word' id='word_1_155' title='bbox 800 2533 862 2586; x_wconf 82' lang='lat'><strong>851.</strong></span> <span class='ocrx_word' id='word_1_156' title='bbox 880 2535 907 2588; x_wconf 77' lang='lat' dir='ltr'><strong>F.</strong></span> <span class='ocrx_word' id='word_1_157' title='bbox 923 2552 946 2585; x_wconf 87' lang='lat' dir='ltr'><strong>e.</strong></span> <span class='ocrx_word' id='word_1_158' title='bbox 964 2553 989 2584; x_wconf 89' lang='lat' dir='ltr'><strong>n.</strong></span> <span class='ocrx_word' id='word_1_159' title='bbox 1009 2532 1157 2605; x_wconf 77' lang='lat' dir='ltr'><strong>precedunt</strong></span> <span class='ocrx_word' id='word_1_160' title='bbox 1173 2526 1265 2581; x_wconf 79' lang='lat' dir='ltr'><strong>nubila</strong></span> 
     </span>
     <span class='ocr_line' id='line_1_21' title="bbox 217 2608 1264 2686; baseline 0 -26"><span class='ocrx_word' id='word_1_161' title='bbox 217 2609 300 2682; x_wconf 84' lang='lat' dir='ltr'><strong>tiiqne</strong></span> <span class='ocrx_word' id='word_1_162' title='bbox 316 2611 391 2663; x_wconf 81' lang='lat' dir='ltr'><strong>duces</strong></span> <span class='ocrx_word' id='word_1_163' title='bbox 408 2609 637 2683; x_wconf 79' lang='lat' dir='ltr'><strong>Delphusiocoeque</strong></span> <span class='ocrx_word' id='word_1_164' title='bbox 652 2608 727 2679; x_wconf 59' lang='lat' dir='ltr'><strong>phe.</strong></span> <span class='ocrx_word' id='word_1_165' title='bbox 763 2614 979 2686; x_wconf 79' lang='lat' dir='ltr'><strong>mortis.Optimae</strong></span> <span class='ocrx_word' id='word_1_166' title='bbox 986 2608 1264 2664; x_wconf 76' lang='lat' dir='ltr'><strong>Barthiimembranae:</strong></span> 
     </span>
     <span class='ocr_line' id='line_1_22' title="bbox 218 2683 1272 2763; baseline 0.002 -25"><span class='ocrx_word' id='word_1_167' title='bbox 218 2684 321 2760; x_wconf 75' lang='lat' dir='ltr'><strong>ianqes‚·</strong></span> <span class='ocrx_word' id='word_1_168' title='bbox 331 2689 393 2758; x_wconf 76' lang='lat' dir='ltr'><strong>fleg.</strong></span> <span class='ocrx_word' id='word_1_169' title='bbox 405 2687 442 2754; x_wconf 76' lang='lat' dir='ltr'><strong>C,</strong></span> <span class='ocrx_word' id='word_1_170' title='bbox 456 2686 642 2759; x_wconf 79' lang='lat' dir='ltr'><strong>Telepbeoeqne</strong></span> <span class='ocrx_word' id='word_1_171' title='bbox 650 2683 719 2756; x_wconf 83' lang='lat' dir='ltr'><strong>pba·</strong></span> <span class='ocrx_word' id='word_1_172' title='bbox 760 2691 904 2763; x_wconf 82' lang='lat' dir='ltr'><strong>procedunt</strong></span> <span class='ocrx_word' id='word_1_173' title='bbox 912 2691 1211 2744; x_wconf 70' lang='lat' dir='ltr'><strong>nubila-Praecedunt</strong></span> <span class='ocrx_word' id='word_1_174' title='bbox 1220 2707 1272 2746; x_wconf 68' lang='lat' dir='ltr'><strong>nto,</strong></span> 
     </span>
     <span class='ocr_line' id='line_1_23' title="bbox 217 2765 1265 2843; baseline -0.004 -19"><span class='ocrx_word' id='word_1_175' title='bbox 217 2769 315 2843; x_wconf 67' lang='lat' dir='ltr'><strong>lanqes.</strong></span> <span class='ocrx_word' id='word_1_176' title='bbox 324 2799 359 2810; x_wconf 89' lang='lat'><em>-</em></span> <span class='ocrx_word' id='word_1_177' title='bbox 368 2769 483 2843; x_wconf 79' lang='lat' dir='ltr'><strong>aninnt</strong></span> <span class='ocrx_word' id='word_1_178' title='bbox 492 2765 719 2841; x_wconf 76' lang='lat' dir='ltr'><strong>Pheneiquepba·</strong></span> <span class='ocrx_word' id='word_1_179' title='bbox 763 2770 816 2824; x_wconf 75' lang='lat' dir='ltr'><strong>etta</strong></span> <span class='ocrx_word' id='word_1_180' title='bbox 829 2774 925 2825; x_wconf 82' lang='lat' dir='ltr'><strong>mortis.</strong></span> <span class='ocrx_word' id='word_1_181' title='bbox 939 2769 1153 2823; x_wconf 83' lang='lat' dir='ltr'><strong>Circumvolnnt:</strong></span> <span class='ocrx_word' id='word_1_182' title='bbox 1169 2767 1195 2820; x_wconf 90' lang='lat' dir='ltr'><strong>id</strong></span> <span class='ocrx_word' id='word_1_183' title='bbox 1209 2781 1265 2834; x_wconf 82' lang='lat' dir='ltr'><strong>est,</strong></span> 
     </span>
     <span class='ocr_line' id='line_1_24' title="bbox 217 2844 1266 2922; baseline 0 -25"><span class='ocrx_word' id='word_1_184' title='bbox 217 2845 313 2922; x_wconf 72' lang='lat' dir='ltr'><strong>lanqes.</strong></span> <span class='ocrx_word' id='word_1_185' title='bbox 328 2847 476 2900; x_wconf 82' lang='lat' dir='ltr'><strong>Gronovius</strong></span> <span class='ocrx_word' id='word_1_186' title='bbox 490 2845 554 2898; x_wconf 87' lang='lat' dir='ltr'><strong>dicit</strong></span> <span class='ocrx_word' id='word_1_187' title='bbox 567 2844 595 2898; x_wconf 75' lang='lat' dir='ltr'><strong>ri</strong></span> <span class='ocrx_word' id='word_1_188' title='bbox 606 2845 720 2918; x_wconf 73' lang='lat' dir='ltr'><strong>sapiunt</strong></span> <span class='ocrx_word' id='word_1_189' title='bbox 762 2869 835 2902; x_wconf 85' lang='lat' dir='ltr'><strong>meus</strong></span> <span class='ocrx_word' id='word_1_190' title='bbox 846 2849 1026 2921; x_wconf 72' lang='lat' dir='ltr'><strong>Parthenopaei</strong></span> <span class='ocrx_word' id='word_1_191' title='bbox 1036 2847 1193 2902; x_wconf 76' lang='lat' dir='ltr'><strong>turbabatur</strong></span> <span class='ocrx_word' id='word_1_192' title='bbox 1202 2847 1266 2898; x_wconf 85' lang='lat' dir='ltr'><strong>vici-</strong></span> 
     </span>
     <span class='ocr_line' id='line_1_25' title="bbox 216 2922 1186 2990; baseline -0.003 -12"><span class='ocrx_word' id='word_1_193' title='bbox 216 2943 271 2978; x_wconf 87' lang='lat' dir='ltr'><strong>non</strong></span> <span class='ocrx_word' id='word_1_194' title='bbox 279 2945 334 2979; x_wconf 85' lang='lat' dir='ltr'><strong>esse</strong></span> <span class='ocrx_word' id='word_1_195' title='bbox 344 2927 371 2978; x_wconf 89' lang='lat' dir='ltr'><strong>in</strong></span> <span class='ocrx_word' id='word_1_196' title='bbox 381 2924 660 2990; x_wconf 82' lang='lat' dir='ltr'><strong>sincerioribusiibris‚</strong></span> <span class='ocrx_word' id='word_1_197' title='bbox 671 2922 718 2977; x_wconf 85' lang='lat' dir='ltr'><strong>sed</strong></span> <span class='ocrx_word' id='word_1_198' title='bbox 762 2949 801 2982; x_wconf 80' lang='lat' dir='ltr'><strong>nae</strong></span> <span class='ocrx_word' id='word_1_199' title='bbox 813 2932 905 2981; x_wconf 73' lang='lat' dir='ltr'><strong>mortis</strong></span> <span class='ocrx_word' id='word_1_200' title='bbox 917 2928 1041 2980; x_wconf 75' lang='lat' dir='ltr'><strong>adventu.</strong></span> <span class='ocrx_word' id='word_1_201' title='bbox 1059 2928 1186 2979; x_wconf 71' lang='lat' dir='ltr'><strong>anrinr.</strong></span> 
     </span>
     <span class='ocr_line' id='line_1_26' title="bbox 216 3002 1282 3080; baseline -0.001 -23"><span class='ocrx_word' id='word_1_202' title='bbox 216 3018 318 3059; x_wconf 82' lang='lat' dir='ltr'><strong>tantum</strong></span> <span class='ocrx_word' id='word_1_203' title='bbox 328 3004 634 3080; x_wconf 76' lang='lat' dir='ltr'><strong>Telepboeoepbalanqes:</strong></span> <span class='ocrx_word' id='word_1_204' title='bbox 646 3002 717 3056; x_wconf 85' lang='lat' dir='ltr'><strong>unde</strong></span> <span class='ocrx_word' id='word_1_205' title='bbox 797 3005 1062 3079; x_wconf 80' lang='lat' dir='ltr'><strong>852.Jamquemiser</strong></span> <span class='ocrx_word' id='word_1_206' title='bbox 1071 3005 1262 3069; x_wconf 83' lang='lat' dir='ltr'><strong>raroseomites,</strong></span> <span class='ocrx_word' id='word_1_207' title='bbox 1278 3061 1282 3068; x_wconf 25' lang='lat'>¹</span> 
     </span>
     <span class='ocr_line' id='line_1_27' title="bbox 215 3081 1261 3158; baseline -0.002 -22"><span class='ocrx_word' id='word_1_208' title='bbox 215 3081 356 3154; x_wconf 74' lang='lat' dir='ltr'><strong>legendum</strong></span> <span class='ocrx_word' id='word_1_209' title='bbox 370 3087 492 3156; x_wconf 85' lang='lat' dir='ltr'><strong>conjicit:</strong></span> <span class='ocrx_word' id='word_1_210' title='bbox 512 3083 718 3156; x_wconf 80' lang='lat' dir='ltr'><strong>Thelpusoeoeque</strong></span> <span class='ocrx_word' id='word_1_211' title='bbox 762 3101 902 3158; x_wconf 85' lang='lat' dir='ltr'><strong>verumque</strong></span> <span class='ocrx_word' id='word_1_212' title='bbox 920 3085 1028 3137; x_wconf 82' lang='lat' dir='ltr'><strong>videbat.</strong></span> <span class='ocrx_word' id='word_1_213' title='bbox 1048 3083 1111 3154; x_wconf 67' lang='lat' dir='ltr'><strong>Reg.</strong></span> <span class='ocrx_word' id='word_1_214' title='bbox 1132 3081 1261 3136; x_wconf 83' lang='lat' dir='ltr'><strong>Bbabet:</strong></span> 
     </span>
     <span class='ocr_line' id='line_1_28' title="bbox 213 3160 1264 3238; baseline -0.01 -26"><span class='ocrx_word' id='word_1_215' title='bbox 213 3161 367 3238; x_wconf 66' lang='lat' dir='ltr'><strong>phalanges.</strong></span> <span class='ocrx_word' id='word_1_216' title='bbox 384 3161 517 3234; x_wconf 79' lang='lat' dir='ltr'><strong>Tbeipusa</strong></span> <span class='ocrx_word' id='word_1_217' title='bbox 533 3160 596 3213; x_wconf 85' lang='lat' dir='ltr'><strong>urbs</strong></span> <span class='ocrx_word' id='word_1_218' title='bbox 616 3174 642 3214; x_wconf 87' lang='lat' dir='ltr'><strong>et</strong></span> <span class='ocrx_word' id='word_1_219' title='bbox 656 3179 718 3231; x_wconf 79' lang='lat' dir='ltr'><strong>ager</strong></span> <span class='ocrx_word' id='word_1_220' title='bbox 760 3166 872 3236; x_wconf 82' lang='lat' dir='ltr'><strong>Janrqne</strong></span> <span class='ocrx_word' id='word_1_221' title='bbox 886 3163 965 3216; x_wconf 79' lang='lat' dir='ltr'><strong>miser</strong></span> <span class='ocrx_word' id='word_1_222' title='bbox 977 3180 1035 3215; x_wconf 85' lang='lat' dir='ltr'><strong>raro</strong></span> <span class='ocrx_word' id='word_1_223' title='bbox 1048 3162 1165 3228; x_wconf 83' lang='lat' dir='ltr'><strong>comites,</strong></span> <span class='ocrx_word' id='word_1_224' title='bbox 1177 3179 1264 3231; x_wconf 65' lang='lat' dir='ltr'><strong>snper.</strong></span> 
     </span>
     <span class='ocr_line' id='line_1_29' title="bbox 214 3238 1261 3315; baseline -0.006 -19"><span class='ocrx_word' id='word_1_225' title='bbox 214 3245 241 3296; x_wconf 91' lang='lat' dir='ltr'><strong>in</strong></span> <span class='ocrx_word' id='word_1_226' title='bbox 254 3243 375 3296; x_wconf 81' lang='lat' dir='ltr'><strong>Arcadia.</strong></span> <span class='ocrx_word' id='word_1_227' title='bbox 385 3244 452 3297; x_wconf 85' lang='lat' dir='ltr'><strong>Vide</strong></span> <span class='ocrx_word' id='word_1_228' title='bbox 463 3245 619 3296; x_wconf 81' lang='lat' dir='ltr'><strong>Pausaniam</strong></span> <span class='ocrx_word' id='word_1_229' title='bbox 630 3243 659 3296; x_wconf 89' lang='lat' dir='ltr'><strong>in</strong></span> <span class='ocrx_word' id='word_1_230' title='bbox 667 3242 717 3294; x_wconf 82' lang='lat' dir='ltr'><strong>Ar·</strong></span> <span class='ocrx_word' id='word_1_231' title='bbox 761 3261 858 3315; x_wconf 86' lang='lat' dir='ltr'><strong>nmque</strong></span> <span class='ocrx_word' id='word_1_232' title='bbox 871 3241 987 3302; x_wconf 60' lang='lat' dir='ltr'><strong>uideban-</strong></span> <span class='ocrx_word' id='word_1_233' title='bbox 997 3241 1060 3312; x_wconf 71' lang='lat' dir='ltr'><strong>Reg.</strong></span> <span class='ocrx_word' id='word_1_234' title='bbox 1074 3239 1095 3292; x_wconf 88' lang='lat' dir='ltr'>C</span> <span class='ocrx_word' id='word_1_235' title='bbox 1106 3252 1188 3293; x_wconf 86' lang='lat' dir='ltr'><strong>nostr.</strong></span> <span class='ocrx_word' id='word_1_236' title='bbox 1200 3238 1261 3291; x_wconf 85' lang='lat' dir='ltr'><strong>ieet.</strong></span> 
     </span>
     <span class='ocr_line' id='line_1_30' title="bbox 213 3320 1260 3394; baseline -0.008 -16"><span class='ocrx_word' id='word_1_237' title='bbox 213 3323 321 3378; x_wconf 72' lang='lat' dir='ltr'><strong>radicis.</strong></span> <span class='ocrx_word' id='word_1_238' title='bbox 760 3325 807 3376; x_wconf 86' lang='lat' dir='ltr'><strong>En.</strong></span> <span class='ocrx_word' id='word_1_239' title='bbox 822 3353 858 3362; x_wconf 94' lang='lat'>-</span> <span class='ocrx_word' id='word_1_240' title='bbox 872 3322 1020 3394; x_wconf 78' lang='lat' dir='ltr'><strong>Verumque</strong></span> <span class='ocrx_word' id='word_1_241' title='bbox 1033 3320 1136 3372; x_wconf 83' lang='lat' dir='ltr'><strong>videbat</strong></span> <span class='ocrx_word' id='word_1_242' title='bbox 1150 3321 1260 3372; x_wconf 68' lang='lat' dir='ltr'><strong>Demea.</strong></span> 
     </span>
    </p>

    <p class='ocr_par' dir='ltr' id='par_1_10' title="bbox 212 3399 1263 3634">
     <span class='ocr_line' id='line_1_31' title="bbox 249 3399 1263 3475; baseline -0.005 -18"><span class='ocrx_word' id='word_1_243' title='bbox 249 3403 310 3469; x_wconf 77' lang='lat'><strong>848.</strong></span> <span class='ocrx_word' id='word_1_244' title='bbox 321 3404 411 3475; x_wconf 78' lang='lat' dir='ltr'><strong>Ipsum</strong></span> <span class='ocrx_word' id='word_1_245' title='bbox 422 3413 518 3454; x_wconf 83' lang='lat' dir='ltr'><strong>antem.</strong></span> <span class='ocrx_word' id='word_1_246' title='bbox 530 3403 577 3454; x_wconf 83' lang='lat' dir='ltr'><strong>Hic</strong></span> <span class='ocrx_word' id='word_1_247' title='bbox 589 3419 679 3454; x_wconf 83' lang='lat' dir='ltr'><strong>versus</strong></span> <span class='ocrx_word' id='word_1_248' title='bbox 690 3412 716 3453; x_wconf 89' lang='lat' dir='ltr'><strong>et</strong></span> <span class='ocrx_word' id='word_1_249' title='bbox 759 3404 821 3455; x_wconf 87' lang='lat' dir='ltr'><strong>Non</strong></span> <span class='ocrx_word' id='word_1_250' title='bbox 831 3418 905 3468; x_wconf 85' lang='lat' dir='ltr'><strong>eum,</strong></span> <span class='ocrx_word' id='word_1_251' title='bbox 914 3401 941 3453; x_wconf 88' lang='lat' dir='ltr'><strong>in</strong></span> <span class='ocrx_word' id='word_1_252' title='bbox 952 3420 1031 3474; x_wconf 91' lang='lat' dir='ltr'><strong>quem</strong></span> <span class='ocrx_word' id='word_1_253' title='bbox 1040 3401 1125 3453; x_wconf 84' lang='lat' dir='ltr'><strong>Diana</strong></span> <span class='ocrx_word' id='word_1_254' title='bbox 1135 3399 1263 3454; x_wconf 76' lang='lat' dir='ltr'><strong>transfor·</strong></span> 
     </span>
     <span class='ocr_line' id='line_1_32' title="bbox 212 3482 935 3554; baseline 0 -22"><span class='ocrx_word' id='word_1_255' title='bbox 212 3495 266 3534; x_wconf 85' lang='lat' dir='ltr'><strong>tres</strong></span> <span class='ocrx_word' id='word_1_256' title='bbox 278 3495 419 3554; x_wconf 80' lang='lat' dir='ltr'><strong>sequentes</strong></span> <span class='ocrx_word' id='word_1_257' title='bbox 431 3483 546 3553; x_wconf 87' lang='lat' dir='ltr'><strong>suspecti</strong></span> <span class='ocrx_word' id='word_1_258' title='bbox 556 3482 669 3554; x_wconf 69' lang='lat' dir='ltr'><strong>Guyeto.</strong></span> <span class='ocrx_word' id='word_1_259' title='bbox 679 3510 715 3522; x_wconf 89' lang='lat'>-</span> <span class='ocrx_word' id='word_1_260' title='bbox 759 3495 829 3534; x_wconf 86' lang='lat' dir='ltr'><strong>mata</strong></span> <span class='ocrx_word' id='word_1_261' title='bbox 841 3482 935 3535; x_wconf 82' lang='lat' dir='ltr'><strong>fuerat.</strong></span> 
     </span>
     <span class='ocr_line' id='line_1_33' title="bbox 213 3553 1261 3634; baseline -0.008 -20"><span class='ocrx_word' id='word_1_262' title='bbox 213 3563 312 3634; x_wconf 76' lang='lat' dir='ltr'><strong>Ipsum.</strong></span> <span class='ocrx_word' id='word_1_263' title='bbox 323 3563 448 3634; x_wconf 75' lang='lat' dir='ltr'><strong>Dryanta.</strong></span> <span class='ocrx_word' id='word_1_264' title='bbox 795 3559 855 3614; x_wconf 81' lang='lat'><strong>853.</strong></span> <span class='ocrx_word' id='word_1_265' title='bbox 875 3561 990 3623; x_wconf 81' lang='lat' dir='ltr'><strong>Dorcea,</strong></span> <span class='ocrx_word' id='word_1_266' title='bbox 997 3560 1058 3630; x_wconf 80' lang='lat' dir='ltr'><strong>jam</strong></span> <span class='ocrx_word' id='word_1_267' title='bbox 1073 3557 1137 3610; x_wconf 83' lang='lat' dir='ltr'><strong>vires</strong></span> <span class='ocrx_word' id='word_1_268' title='bbox 1151 3553 1261 3628; x_wconf 74' lang='lat' dir='ltr'><strong>paulla-</strong></span> 
     </span>
    </p>

    <p class='ocr_par' dir='ltr' id='par_1_11' title="bbox 204 3636 1260 4105">
     <span class='ocr_line' id='line_1_34' title="bbox 247 3636 1260 3709; baseline -0.008 -15"><span class='ocrx_word' id='word_1_269' title='bbox 247 3639 308 3709; x_wconf 75' lang='grc'>849.</span> <span class='ocrx_word' id='word_1_270' title='bbox 318 3639 654 3692; x_wconf 73' lang='lat' dir='ltr'><strong>Necservatvirestetent&#39;m</strong></span> <span class='ocrx_word' id='word_1_271' title='bbox 665 3636 715 3690; x_wconf 81' lang='lat' dir='ltr'><strong>bne</strong></span> <span class='ocrx_word' id='word_1_272' title='bbox 759 3639 805 3690; x_wconf 82' lang='lat' dir='ltr'><strong>tim</strong></span> <span class='ocrx_word' id='word_1_273' title='bbox 820 3638 951 3692; x_wconf 81' lang='lat' dir='ltr'><strong>abscedere</strong></span> <span class='ocrx_word' id='word_1_274' title='bbox 964 3638 1048 3690; x_wconf 80' lang='lat' dir='ltr'><strong>sentit.</strong></span> <span class='ocrx_word' id='word_1_275' title='bbox 1063 3637 1126 3706; x_wconf 75' lang='lat' dir='ltr'><strong>Req.</strong></span> <span class='ocrx_word' id='word_1_276' title='bbox 1140 3638 1160 3686; x_wconf 89' lang='lat' dir='ltr'>B</span> <span class='ocrx_word' id='word_1_277' title='bbox 1173 3637 1260 3688; x_wconf 81' lang='lat' dir='ltr'><strong>absee-</strong></span> 
     </span>
     <span class='ocr_line' id='line_1_35' title="bbox 204 3714 1258 3792; baseline -0.004 -22"><span class='ocrx_word' id='word_1_278' title='bbox 204 3721 265 3792; x_wconf 77' lang='lat' dir='ltr'><strong>jam</strong></span> <span class='ocrx_word' id='word_1_279' title='bbox 274 3719 370 3791; x_wconf 78' lang='lat' dir='ltr'><strong>fessus,</strong></span> <span class='ocrx_word' id='word_1_280' title='bbox 382 3729 407 3770; x_wconf 90' lang='lat' dir='ltr'><strong>et</strong></span> <span class='ocrx_word' id='word_1_281' title='bbox 418 3717 490 3770; x_wconf 77' lang='lat' dir='ltr'><strong>iiiuc.</strong></span> <span class='ocrx_word' id='word_1_282' title='bbox 506 3719 569 3788; x_wconf 72' lang='lat' dir='ltr'><strong>Reg.</strong></span> <span class='ocrx_word' id='word_1_283' title='bbox 584 3715 712 3781; x_wconf 59' lang='lat' dir='ltr'><strong>Bhaben</strong></span> <span class='ocrx_word' id='word_1_284' title='bbox 758 3717 815 3769; x_wconf 83' lang='lat' dir='ltr'><strong>dere</strong></span> <span class='ocrx_word' id='word_1_285' title='bbox 833 3719 910 3770; x_wconf 84' lang='lat' dir='ltr'><strong>sensit</strong></span> <span class='ocrx_word' id='word_1_286' title='bbox 928 3714 1033 3769; x_wconf 81' lang='lat' dir='ltr'><strong>exhibet</strong></span> <span class='ocrx_word' id='word_1_287' title='bbox 1051 3717 1115 3786; x_wconf 70' lang='lat' dir='ltr'><strong>Refl-</strong></span> <span class='ocrx_word' id='word_1_288' title='bbox 1136 3715 1157 3767; x_wconf 91' lang='lat' dir='ltr'>C</span> <span class='ocrx_word' id='word_1_289' title='bbox 1175 3727 1258 3768; x_wconf 87' lang='lat' dir='ltr'><strong>nostr.</strong></span> 
     </span>
     <span class='ocr_line' id='line_1_36' title="bbox 211 3795 968 3870; baseline -0.008 -18"><span class='ocrx_word' id='word_1_290' title='bbox 211 3800 268 3852; x_wconf 76' lang='lat' dir='ltr'><strong>Nec</strong></span> <span class='ocrx_word' id='word_1_291' title='bbox 282 3809 366 3850; x_wconf 80' lang='lat' dir='ltr'><strong>servat</strong></span> <span class='ocrx_word' id='word_1_292' title='bbox 382 3797 446 3850; x_wconf 80' lang='lat' dir='ltr'><strong>vires</strong></span> <span class='ocrx_word' id='word_1_293' title='bbox 460 3797 555 3848; x_wconf 83' lang='lat' dir='ltr'><strong>etenim</strong></span> <span class='ocrx_word' id='word_1_294' title='bbox 573 3795 622 3848; x_wconf 81' lang='lat' dir='ltr'><strong>bne</strong></span> <span class='ocrx_word' id='word_1_295' title='bbox 630 3797 714 3870; x_wconf 71' lang='lat' dir='ltr'><strong>sereres</strong></span> <span class='ocrx_word' id='word_1_296' title='bbox 756 3796 906 3849; x_wconf 87' lang='lat' dir='ltr'><strong>lectionem.</strong></span> <span class='ocrx_word' id='word_1_297' title='bbox 921 3797 968 3846; x_wconf 85' lang='lat' dir='ltr'><strong>En.</strong></span> 
     </span>
     <span class='ocr_line' id='line_1_37' title="bbox 212 3875 1260 3946; baseline -0.005 -17"><span class='ocrx_word' id='word_1_298' title='bbox 212 3887 237 3930; x_wconf 88' lang='lat' dir='ltr'><strong>et</strong></span> <span class='ocrx_word' id='word_1_299' title='bbox 253 3875 410 3946; x_wconf 56' lang='lat' dir='ltr'><strong>ittae-1103.</strong></span> <span class='ocrx_word' id='word_1_300' title='bbox 426 3876 576 3927; x_wconf 86' lang='lat' dir='ltr'><strong>Cnostrarn</strong></span> <span class='ocrx_word' id='word_1_301' title='bbox 591 3875 649 3927; x_wconf 83' lang='lat' dir='ltr'><strong>ieet.</strong></span> <span class='ocrx_word' id='word_1_302' title='bbox 665 3877 711 3926; x_wconf 88' lang='lat' dir='ltr'><strong>En.</strong></span> <span class='ocrx_word' id='word_1_303' title='bbox 793 3875 853 3928; x_wconf 81' lang='lat'><strong>855.</strong></span> <span class='ocrx_word' id='word_1_304' title='bbox 872 3877 935 3926; x_wconf 83' lang='lat' dir='ltr'><strong>Jam</strong></span> <span class='ocrx_word' id='word_1_305' title='bbox 946 3876 1044 3938; x_wconf 81' lang='lat' dir='ltr'><strong>minus,</strong></span> <span class='ocrx_word' id='word_1_306' title='bbox 1056 3887 1106 3926; x_wconf 87' lang='lat' dir='ltr'><strong>eto.</strong></span> <span class='ocrx_word' id='word_1_307' title='bbox 1116 3875 1193 3925; x_wconf 85' lang='lat' dir='ltr'><strong>Hune</strong></span> <span class='ocrx_word' id='word_1_308' title='bbox 1204 3890 1260 3924; x_wconf 81' lang='lat' dir='ltr'><strong>ver·</strong></span> 
     </span>
     <span class='ocr_line' id='line_1_38' title="bbox 210 3953 1259 4026; baseline -0.008 -17"><span class='ocrx_word' id='word_1_309' title='bbox 210 3987 246 3996; x_wconf 93' lang='lat'><em>-</em></span> <span class='ocrx_word' id='word_1_310' title='bbox 260 3958 408 4010; x_wconf 80' lang='lat' dir='ltr'><strong>Neeservat</strong></span> <span class='ocrx_word' id='word_1_311' title='bbox 422 3957 494 4007; x_wconf 81' lang='lat' dir='ltr'><strong>vires.</strong></span> <span class='ocrx_word' id='word_1_312' title='bbox 508 3954 712 4026; x_wconf 76' lang='lat' dir='ltr'><strong>Parthenopaeus</strong></span> <span class='ocrx_word' id='word_1_313' title='bbox 758 3972 815 4005; x_wconf 87' lang='lat' dir='ltr'><strong>sum</strong></span> <span class='ocrx_word' id='word_1_314' title='bbox 834 3969 860 4006; x_wconf 88' lang='lat' dir='ltr'><strong>et</strong></span> <span class='ocrx_word' id='word_1_315' title='bbox 878 3965 977 4023; x_wconf 87' lang='lat' dir='ltr'><strong>septem</strong></span> <span class='ocrx_word' id='word_1_316' title='bbox 996 3963 1134 4024; x_wconf 84' lang='lat' dir='ltr'><strong>sequentes</strong></span> <span class='ocrx_word' id='word_1_317' title='bbox 1154 3953 1259 4022; x_wconf 85' lang='lat' dir='ltr'><strong>spurios</strong></span> 
     </span>
     <span class='ocr_line' id='line_1_39' title="bbox 210 4031 991 4105; baseline -0.008 -18"><span class='ocrx_word' id='word_1_318' title='bbox 210 4034 322 4104; x_wconf 82' lang='lat' dir='ltr'><strong>scilicet,</strong></span> <span class='ocrx_word' id='word_1_319' title='bbox 335 4034 398 4086; x_wconf 88' lang='lat' dir='ltr'><strong>dum</strong></span> <span class='ocrx_word' id='word_1_320' title='bbox 410 4033 499 4087; x_wconf 82' lang='lat' dir='ltr'><strong>hostes</strong></span> <span class='ocrx_word' id='word_1_321' title='bbox 510 4034 666 4105; x_wconf 84' lang='lat' dir='ltr'><strong>insequitur.</strong></span> <span class='ocrx_word' id='word_1_322' title='bbox 752 4031 855 4102; x_wconf 85' lang='lat' dir='ltr'><strong>judicat</strong></span> <span class='ocrx_word' id='word_1_323' title='bbox 865 4031 991 4102; x_wconf 71' lang='lat' dir='ltr'><strong>Guqetus.</strong></span> 
     </span>
    </p>

    <p class='ocr_par' dir='ltr' id='par_1_12' title="bbox 208 4107 1258 4347">
     <span class='ocr_line' id='line_1_40' title="bbox 246 4107 1258 4182; baseline -0.011 -14"><span class='ocrx_word' id='word_1_324' title='bbox 246 4113 307 4168; x_wconf 83' lang='lat'><strong>850.</strong></span> <span class='ocrx_word' id='word_1_325' title='bbox 326 4115 447 4166; x_wconf 82' lang='lat' dir='ltr'><strong>Mutabat</strong></span> <span class='ocrx_word' id='word_1_326' title='bbox 457 4124 561 4168; x_wconf 78' lang='lat' dir='ltr'><strong>turmas.</strong></span> <span class='ocrx_word' id='word_1_327' title='bbox 573 4115 632 4166; x_wconf 87' lang='lat' dir='ltr'><strong>Huc</strong></span> <span class='ocrx_word' id='word_1_328' title='bbox 644 4127 670 4166; x_wconf 91' lang='lat' dir='ltr'><strong>et</strong></span> <span class='ocrx_word' id='word_1_329' title='bbox 682 4109 712 4164; x_wconf 87' lang='lat' dir='ltr'><strong>il·</strong></span> <span class='ocrx_word' id='word_1_330' title='bbox 792 4110 853 4163; x_wconf 83' lang='lat'><strong>856.</strong></span> <span class='ocrx_word' id='word_1_331' title='bbox 885 4109 971 4182; x_wconf 77' lang='lat' dir='ltr'><strong>Clipei</strong></span> <span class='ocrx_word' id='word_1_332' title='bbox 992 4108 1142 4160; x_wconf 83' lang='lat' dir='ltr'><strong>metuendus</strong></span> <span class='ocrx_word' id='word_1_333' title='bbox 1164 4107 1258 4159; x_wconf 80' lang='lat' dir='ltr'><strong>obarsit</strong></span> 
     </span>
     <span class='ocr_line' id='line_1_41' title="bbox 209 4183 1256 4265; baseline -0.009 -22"><span class='ocrx_word' id='word_1_334' title='bbox 209 4191 253 4245; x_wconf 84' lang='lat' dir='ltr'><strong>ine</strong></span> <span class='ocrx_word' id='word_1_335' title='bbox 263 4191 408 4265; x_wconf 73' lang='lat' dir='ltr'><strong>vagabatur</strong></span> <span class='ocrx_word' id='word_1_336' title='bbox 416 4193 485 4245; x_wconf 85' lang='lat' dir='ltr'><strong>inter</strong></span> <span class='ocrx_word' id='word_1_337' title='bbox 494 4190 610 4245; x_wconf 86' lang='lat' dir='ltr'><strong>ordines.</strong></span> <span class='ocrx_word' id='word_1_338' title='bbox 621 4219 655 4232; x_wconf 92' lang='lat'>-</span> <span class='ocrx_word' id='word_1_339' title='bbox 667 4191 712 4242; x_wconf 61' lang='lat' dir='ltr'><strong>vn</strong></span> <span class='ocrx_word' id='word_1_340' title='bbox 755 4189 1005 4256; x_wconf 75' lang='lat' dir='ltr'><strong>luee.Eiinlsit,vel</strong></span> <span class='ocrx_word' id='word_1_341' title='bbox 1013 4183 1186 4259; x_wconf 81' lang='lat' dir='ltr'><strong>resplenduit;</strong></span> <span class='ocrx_word' id='word_1_342' title='bbox 1195 4185 1256 4256; x_wconf 85' lang='lat' dir='ltr'><strong>quia</strong></span> 
     </span>
     <span class='ocr_line' id='line_1_42' title="bbox 208 4264 1256 4347; baseline -0.01 -22"><span class='ocrx_word' id='word_1_343' title='bbox 208 4283 272 4345; x_wconf 76' lang='lat' dir='ltr'><strong>qent</strong></span> <span class='ocrx_word' id='word_1_344' title='bbox 286 4272 412 4347; x_wconf 80' lang='lat' dir='ltr'><strong>proesoqia</strong></span> <span class='ocrx_word' id='word_1_345' title='bbox 430 4269 505 4324; x_wconf 70' lang='lat' dir='ltr'><strong>mitte</strong></span> <span class='ocrx_word' id='word_1_346' title='bbox 523 4271 643 4334; x_wconf 64' lang='lat' dir='ltr'><strong>bisnei-is,</strong></span> <span class='ocrx_word' id='word_1_347' title='bbox 660 4283 709 4322; x_wconf 89' lang='lat' dir='ltr'><strong>etc.</strong></span> <span class='ocrx_word' id='word_1_348' title='bbox 757 4271 812 4338; x_wconf 88' lang='lat' dir='ltr'><strong>ejus</strong></span> <span class='ocrx_word' id='word_1_349' title='bbox 832 4271 906 4322; x_wconf 84' lang='lat' dir='ltr'><strong>nivea</strong></span> <span class='ocrx_word' id='word_1_350' title='bbox 923 4287 997 4320; x_wconf 81' lang='lat' dir='ltr'><strong>orma</strong></span> <span class='ocrx_word' id='word_1_351' title='bbox 1017 4267 1151 4320; x_wconf 73' lang='lat' dir='ltr'><strong>tridentem</strong></span> <span class='ocrx_word' id='word_1_352' title='bbox 1170 4264 1256 4336; x_wconf 84' lang='lat' dir='ltr'><strong>Atque</strong></span> 
     </span>
    </p>
   </div>
   <div class='ocr_carea' id='block_1_4' title="bbox 0 0 1636 5166">
    <p class='ocr_par' dir='ltr' id='par_1_13' title="bbox 0 0 1636 5166">
     <span class='ocr_line' id='line_1_43' title="bbox 0 0 1636 5166; baseline 0 6"><span class='ocrx_word' id='word_1_353' title='bbox 0 0 1636 5166; x_wconf 95' lang='lat' dir='ltr'><strong> </strong></span> 
     </span>
    </p>
   </div>
  </div>
 </body>
</html>
