3230 5168
546 521 688 584 nraun
712 519 816 582 vui.
1164 515 1206 608 95

207 646 383 729 Conditus,
397 663 456 712 aut
467 662 586 713 moesta
601 647 695 738 niger
707 638 911 710 adventabat
920 640 963 709 ab
975 665 1077 724 urna3

210 757 271 826 Sed
282 753 361 824 belli
374 755 496 823 sudore
509 755 638 835 culsne,
651 753 865 846 clipeumque
878 753 1024 820 cruentis

212 867 369 948 Roribus,
383 883 416 934 et
429 869 523 933 scissi
536 888 712 958 respersus
725 864 865 956 pulvere
878 864 998 955 campi.

213 975 361 1044 Necdum
373 975 469 1044 illum
481 992 540 1042 aut
551 991 671 1044 trunca
680 974 882 1041 lustraverat
893 973 991 1040 obvia
1002 988 1081 1039 taxo

213 1090 388 1170 Eumenis,
403 1104 462 1155 aut
474 1089 573 1155 firrvo
585 1085 786 1178 Proserpina
797 1101 894 1178 poste
906 1099 1040 1152 notarat
1182 1112 1212 1149 ιο

214 1201 358 1268 Coetibus
371 1217 561 1268 assumtum
573 1202 699 1268 functis
712 1225 719 1264 :
734 1201 818 1292 quin
830 1199 983 1264 cominus
996 1197 1067 1289 ipsa

215 1317 371 1379 Fatorum
385 1312 553 1405 deprensa
565 1311 659 1379 colus
672 1337 678 1376 :
692 1312 832 1403 visoque
843 1324 1004 1401 paventes

214 1429 364 1515 Augure,
381 1440 463 1490 tunc
475 1422 613 1490 demum
627 1420 831 1514 rumpebant
841 1420 986 1486 stamina
997 1423 1119 1485 Parcae.

260 1530 361 1599 lllum
374 1548 407 1599 et
419 1534 529 1600 securi
541 1534 810 1620 circumspexere
823 1528 991 1619 fragorem

169 1780 254 1813 vum.-
278 1782 360 1835 neque
380 1763 450 1814 enim
473 1761 572 1834 ipuibus
591 1773 669 1813 artur.
715 1757 748 1810 de
762 1757 1216 1830 lnfensloquuntur.-lmitatione

169 1842 250 1912 Lanss.
261 1841 337 1894 Atdd.
351 1842 471 1914 plerique
484 1857 510 1893 et
522 1840 618 1912 Delph.
630 1861 671 1892 ue·
715 1841 949 1911 expressitNoster
958 1837 1025 1890 illud
1032 1838 1216 1909 Virgilianum

169 1941 219 1994 que
229 1923 298 1974 enim
314 1923 414 1998 ignibus
426 1927 502 1984 atris,·
515 1923 573 1974 Put.
590 1941 671 1995 neque
715 1919 818 1974 AEneid.
830 1923 873 1986 lV,
887 1920 939 1990 693
955 1933 982 1972 et
993 1938 1067 1990 seqq.
1080 1920 1127 1972 ubi
1140 1922 1188 1973 lris
1202 1939 1218 1972 a

170 2001 239 2052 enim
255 2001 355 2074 iquibtu
372 2003 460 2063 astris‚·
475 2001 566 2054 Bebot.
585 2018 607 2068 t,
625 2020 671 2052 uec
714 2005 820 2054 lunone
837 2002 957 2066 mittitur,
976 1998 1010 2052 ad
1029 1999 1218 2071 expediendam

171 2080 271 2153 ipuibur
283 2094 368 2142 artum
385 2080 479 2134 Bebot.
497 2099 527 2149 2,
542 2081 671 2132 necerim
715 2082 816 2132 miserae
835 2079 946 2132 Didonis
964 2080 1088 2131 animant.
1107 2079 1170 2131 Not.
1190 2082 1219 2131 iu

171 2159 271 2231 ignibus
281 2162 357 2222 atriu
368 2158 476 2212 tmsret.
488 2159 568 2212 Gron.
582 2157 671 2210 Barth.
715 2161 787 2213 hunc
802 2161 890 2212 locum
903 2160 991 2231 legere
1004 2178 1091 2232 operte
1104 2161 1220 2230 pretium

172 2237 289 2290 etVeen.
301 2239 466 2313 nequeenim
482 2237 581 2312 ipuilrus
592 2251 670 2290 artur.
717 2252 756 2293 est
768 2239 840 2311 apud
854 2252 923 2291 nost.
938 2240 1010 2308 Virg.
1028 2251 1090 2290 torn.
1103 2241 1143 2305 ll,
1156 2256 1218 2311 pag.

171 2344 206 2354 -
218 2318 280 2386 Reg.
297 2319 334 2380 B,
349 2337 396 2369 uec
408 2318 477 2370 enim
492 2317 673 2391 ipuilrusarttts
717 2318 784 2384 556,
804 2319 851 2371 ubi
868 2316 936 2370 male
949 2317 1040 2389 furvis
1056 2337 1105 2389 pro
1117 2317 1221 2388 'francae

171 2392 269 2456 haben
288 2399 351 2466 Reg.
372 2398 407 2463 G,
420 2413 468 2447 uec
485 2397 555 2448 enim
574 2397 673 2469 ipuibru
717 2398 830 2451 coetibus
844 2399 961 2470 Heynius
973 2395 1056 2448 dedit.

171 2475 240 2527 attie-
255 2476 301 2526 Eu.
311 2505 347 2516 —
357 2477 472 2528 Novum.
489 2475 585 2540 idest,
600 2478 673 2527 inso-
756 2495 795 2529 12.
815 2479 938 2530 Fatomm
953 2477 1075 2549 deprensa
1088 2473 1220 2528 uolatile

171 2552 265 2619 litum,
279 2574 325 2607 sen
339 2557 436 2607 vivum.
450 2585 487 2595 -
498 2557 590 2629 Neque
603 2555 672 2608 enim
717 2557 806 2609 fatoet
816 2557 920 2610 ratione
929 2568 1022 2607 contra
1033 2553 1060 2606 id
1069 2554 1163 2626 agendi
1174 2568 1221 2608 aut

173 2633 274 2706 iqrribm
290 2647 361 2688 artrtr
382 2635 517 2699 Conditus,
537 2649 588 2686 etc.
608 2634 672 2685 Cre·
717 2634 836 2707 patiendi
856 2636 923 2688 Gell.
943 2633 989 2688 lib.
1010 2636 1167 2701 xt11‚e.r.
1187 2637 1220 2688 Et

172 2711 316 2763 nubantur
333 2715 404 2764 enim
419 2731 535 2785 corpore
553 2727 674 2764 mortuo-
717 2719 788 2770 Serv.
799 2719 954 2789 tom.Vl,p.
965 2718 1028 2782 282,
1039 2729 1107 2769 nost.
1117 2713 1218 2768 AEneid.

171 2810 250 2856 rum,
267 2792 432 2865 collectaque
451 2811 512 2846 ossa
527 2807 553 2846 et
572 2793 673 2846 cineres
717 2797 802 2848 Etiam
818 2799 912 2850 Cicero
928 2799 1084 2866 Fragmenta
1103 2794 1220 2865 peculia-

170 2871 389 2925 recondebantur
406 2892 437 2925 ac
455 2873 628 2926 servabantur
645 2875 673 2924 in
717 2877 752 2927 ris
768 2875 845 2940 libri,
862 2874 933 2945 quod
949 2875 1147 2927 Commentario
1164 2891 1219 2925 non

169 2950 256 3014 vasis,
270 2969 326 3021 qnoe
337 2927 495 3004 dicebantur
504 2938 584 3005 utute.
719 2955 828 3007 indocto
837 2954 975 3006 illustravit
987 2953 1111 3006 Salomon
1124 2953 1221 3006 Gesne-

210 3046 235 3098 7.
257 3031 372 3082 Cnrentir
382 3029 497 3084 ueritus.
511 3030 652 3102 sanguine.
717 3053 771 3087 rus.
782 3037 852 3086 Dicit
862 3047 966 3094 autem,
979 3033 1099 3084 nondum
1110 3032 1220 3088 discisso

209 3127 241 3179 9,
259 3126 298 3164 to.
320 3111 423 3162 Trunca
436 3109 588 3162 lustraverat
601 3111 674 3162 obuia
719 3115 763 3166 iilo
776 3117 833 3165 vitae
845 3132 910 3178 sum,
922 3112 1009 3165 adbuc
1021 3112 1048 3163 id
1061 3111 1221 3167 ducentibus

170 3199 235 3238 taxo
249 3189 387 3254 Eumenis,
399 3188 533 3259 autfuruo
545 3187 674 3257 Proserpi·
719 3197 806 3246 Parcis
824 3193 1007 3265 supervenisse
1021 3191 1220 3264 Amphiaraum.

171 3287 209 3318 rra
216 3279 290 3337 poste
301 3279 413 3319 notarat.
426 3269 592 3319 Lactantius:
608 3269 676 3316 «As-
759 3274 799 3326 13,
811 3274 991 3325 Tuncdemum
998 3274 1161 3343 rumpebant,
1171 3287 1221 3324 etc.

170 3361 266 3399 serunt
273 3361 528 3418 poetaemortuorum
533 3348 620 3417 capita
626 3347 675 3397 Fu·
720 3352 967 3405 UnusBel1or,tuuc
975 3351 1223 3423 primum-Tunc

170 3433 271 3482 riarum
282 3428 405 3501 lampade
415 3430 533 3494 lustrari,
546 3445 571 3481 et
583 3445 676 3480 eorum
721 3433 826 3484 deinum
838 3431 991 3503 mmpebant
1001 3431 1113 3482 stamina
1125 3429 1222 3483 Parcae.

171 3512 284 3560 nomina
301 3528 316 3560 a
333 3511 486 3580 Proserpina
499 3511 526 3558 in
540 3521 618 3578 poste
633 3509 677 3578 ln,-
720 3512 785 3561 Tres
796 3524 870 3561 erant
881 3511 979 3574 Parcae,
991 3523 1018 3560 ut
1028 3511 1084 3578 jam
1096 3507 1223 3575 diximus,

170 3590 292 3640 ferorum
306 3587 445 3640 conscribi.
457 3612 467 3636 ι
480 3618 516 3626 -
528 3588 609 3638 Taso.
627 3588 677 3637 Fa·
723 3608 834 3662 quarum
848 3592 934 3660 prima
948 3589 1036 3642 colum
1051 3587 1168 3651 ferebat3
1184 3605 1225 3640 se-

172 3687 220 3720 cet
236 3669 309 3720 enim
325 3670 464 3720 Furiarum
484 3681 559 3722 eraut
577 3683 609 3719 ex
627 3665 678 3718 bac
722 3668 809 3720 cunda
831 3667 919 3719 nendo
940 3665 1062 3718 humanae
1080 3667 1138 3718 vitre
1155 3665 1225 3718 deai-

173 3747 289 3814 arbore,
304 3750 366 3819 quia
376 3751 456 3800 noxia
469 3761 494 3800 et
508 3747 620 3800 letifera.
632 3747 679 3796 Vi·
721 3747 821 3819 guabat
830 3747 923 3808 lineum
934 3746 1011 3796 tertia
1020 3745 1092 3796 iilum
1103 3743 1226 3811 secabat,

172 3828 210 3880 de
223 3827 308 3880 Theb.
325 3830 375 3896 Vl,
391 3845 448 3881 102.
463 3827 678 3900 -Prorerpiua⁸
722 3827 775 3878 hoc
799 3838 855 3890 est,
877 3827 958 3877 vitam
981 3838 1101 3894 tempore
1126 3837 1225 3876 statuto

171 3909 275 3977 Regina
287 3908 444 3960 inferorum.
458 3935 492 3946 —
505 3908 590 3959 Furuo
596 3916 678 3977 poste.
724 3903 915 3976 aburmpebat:
930 3902 1053 3955 blattaria
1064 3900 1227 3954 noniiuada·

171 3987 220 4040 Sic
245 3988 350 4039 «frtrvae
366 3987 424 4040 Leti
447 3984 570 4058 plagae„
596 3983 679 4036 Statio
723 3983 831 4051 bantur,
842 3996 872 4034 ut
887 3981 969 4055 liquet
981 3999 1011 4034 ex
1027 3982 1155 4032 Pausania
1166 3978 1226 4051 plu·

171 4065 237 4118 silv.
247 4069 279 4132 V,
293 4083 316 4132 ι,
331 4065 392 4132 ι55,
402 4066 501 4117 Pietate
510 4063 678 4115 Abascantii:
724 4063 836 4116 ributio
849 4062 924 4114 locis.

172 4147 214 4198 sie
227 4145 324 4196 :furva
337 4144 680 4215 Proserpidanlloratioll,
756 4141 808 4209 '¹l·
831 4139 927 4194 Securi.
950 4139 1056 4207 Quieti,
1078 4138 1139 4208 quia
1159 4133 1226 4188 nihil

171 4223 228 4279 Ori.
247 4224 294 4290 13,
308 4241 351 4287 ²¹3
361 4225 502 4296 postisque
514 4221 585 4286 aliis,
597 4239 680 4294 φιιιιιι
725 4233 814 4292 potest
823 4233 981 4290 campanam
994 4216 1142 4288 Elysiorum
1152 4215 1227 4286 quie-
