3194 5156
583 505 729 568 LIBER
755 505 780 568 l.
1136 507 1199 574 515

192 637 336 698 Verrere
346 683 354 712 ‚
365 632 535 722 virgineos
548 629 576 696 si
588 631 746 723 luppiter
758 628 869 698 induit
879 643 989 714 artus,

193 746 261 808 Nec
274 764 436 833 magnum
448 739 599 832 ambigui
610 739 786 832 fregerunt
797 745 917 810 Caenea
931 764 1049 824 sexus;

195 857 263 918 Has
277 854 366 932 sine,
381 873 515 945 quaeso,
529 853 639 917 minas
651 873 848 944 numenque
861 854 952 918 exire
965 850 1162 944 malignum.

193 967 274 1028 Mox
286 965 408 1030 iterum
422 984 578 1053 campos,
595 964 718 1028 iterum
731 959 931 1030 Centaurica
943 961 1083 1031 reddam
1151 977 1202 1030 266

193 1075 315 1139 Lustra
328 1071 403 1137 tibi:
418 1095 480 1163 per
492 1093 554 1162 ego
566 1070 632 1138 hoc
646 1070 766 1151 decue,
777 1087 810 1138 et
821 1087 964 1138 ventura
974 1069 1125 1165 juventae

194 1180 343 1264 Gaudia,
355 1183 383 1248 si
396 1198 519 1264 terras,
532 1178 765 1276 humilemque
778 1199 914 1274 experta
927 1185 1085 1252 maritum

193 1297 243 1361 Te
255 1309 410 1386 propter,
423 1295 452 1359 si
464 1295 677 1385 progenitum
692 1297 810 1386 Stygos
822 1318 922 1361 amne
935 1319 1052 1363 severo

185 1511 245 1564 263.
261 1511 293 1564 V.
305 1531 329 1564 υ.
339 1533 358 1565 r.
371 1515 397 1564 J.
407 1513 651 1582 induitnrtutd’teg.

149 1591 276 1657 Rhabo,
292 1591 378 1643 induit
389 1608 476 1653 arcus,·
494 1593 556 1662 lleg.
570 1593 590 1643 C
605 1609 653 1641 no·

148 1687 229 1725 stram
244 1672 302 1725 leet.
318 1675 364 1724 lio.
377 1703 412 1712 -
427 1674 551 1745 luppiter
566 1671 655 1723 induit

147 1767 224 1806 attan.
245 1755 368 1825 luppiter
381 1754 512 1805 adamavit
522 1755 653 1823 Antiopen

147 1833 572 1905 liliamNyctei,speciosisuimam
582 1832 654 1902 puel-

147 1911 213 1974 lam3
230 1915 306 1982 cujus
324 1912 386 1963 dum
404 1925 480 1982 pater
499 1925 652 1982 suspectum

149 1992 261 2043 baberet
270 2007 401 2064 stuprum,
414 2011 471 2042 eam
483 2005 573 2043 coetos
582 2011 654 2042 man·

147 2074 253 2143 ripuvit.
266 2071 355 2122 Puella
365 2073 421 2142 ipsa
432 2089 512 2142 quum
524 2070 653 2122 adolevis-

148 2165 189 2204 set
201 2153 290 2203 Dianae
304 2169 332 2203 se
344 2153 517 2202 consecravit.
529 2152 654 2224 luppiter

147 2235 174 2282 in
183 2229 303 2282 habitum
314 2247 341 2280 se
348 2231 425 2279 vertit
433 2230 571 2292 Dianae,et
581 2225 654 2297 puel·

148 2313 200 2363 lam
213 2312 347 2381 corrupit,
358 2313 395 2361 ita
409 2324 438 2361 ut
449 2327 538 2361 areum
552 2321 576 2359 et
588 2307 653 2380 pba-

148 2406 246 2443 retram
261 2394 423 2443 mentiretur.
437 2390 565 2441 Ltmtnr.

183 2473 245 2539 264.
273 2473 372 2523 Cernen.
395 2471 479 2522 Caenis
500 2465 651 2520 Thessalica

149 2554 269 2624 t¹irgo‚a
292 2555 417 2623 Neptuno
439 2552 556 2620 pervim
579 2567 654 2600 com·

148 2651 254 2703 pressa,
271 2633 305 2684 ab
320 2651 352 2683 eo
365 2630 493 2682 mercedis
506 2629 565 2680 loco
585 2628 653 2679 obti-

150 2714 220 2775 nuit‚
240 2723 269 2761 ut
289 2712 316 2760 in
338 2713 421 2760 virum
441 2721 600 2770 mutaretur,
622 2725 654 2757 ac

149 2790 229 2842 nullis
249 2807 366 2858 unquam
389 2787 541 2838 vulneribus
562 2802 654 2858 posset

150 2870 279 2920 atrociori:
296 2878 398 2918 mutato
413 2869 493 2936 igitur
506 2885 583 2932 sexti,
593 2885 654 2916 mtr-

149 2952 213 3000 tavit
226 2945 558 3004 etnomen,etexGenide
568 2946 654 2995 factus

148 3043 189 3082 est
201 3031 318 3080 Caeneus.
332 3021 385 3077 llic'
394 3045 454 3077 cum
469 3024 586 3095 Lapithis
602 3043 654 3094 pu·

997 1477 1001 1488 t

699 1511 778 1566 codd.
791 1527 818 1566 et
832 1517 937 1568 Venett.
950 1517 981 1582 3,
994 1515 1204 1589 d‚animumqne

698 1593 774 1644 exire.
782 1623 818 1632 »-
827 1594 889 1664 lleg.
900 1595 927 1647 B.
936 1595 1050 1666 pra-bet,
1060 1599 1204 1671 nubemque

698 1673 767 1724 exire
786 1675 948 1748 malignam
970 1678 1033 1746 lleg.
1052 1679 1202 1732 Gnoso-am
1227 1721 1232 1730 .

699 1753 759 1805 lect.
773 1755 820 1806 Eo.
831 1785 864 1794 -
875 1757 972 1807 Minor.
988 1757 1129 1823 Fatorum,
1146 1778 1203 1830 qua²

698 1831 744 1884 tibi
754 1831 918 1902 portendunt
926 1837 1204 1888 exitium-Numen·

698 1929 748 1982 que
757 1911 915 1984 malignum.
925 1911 954 1963 ld
970 1927 1022 1981 est,
1036 1916 1143 1984 maligni
1154 1935 1204 1967 nu·

699 1994 776 2044 minis
789 1993 966 2058 voluntatem,
978 2012 1024 2046 seu
1037 1997 1172 2047 iuvidiam.

735 2071 796 2123 266.
818 2074 883 2122 Mox
907 2075 1000 2124 iterum
1021 2093 1133 2147 campos.
1153 2077 1203 2126 lte-

698 2167 788 2204 movet
806 2167 904 2204 metum
916 2154 1047 2206 diuturna·
1060 2158 1204 2210 mansionis

699 2231 770 2302 apud
785 2231 961 2304 Lycomeden.
987 2235 1132 2306 llypallage
1152 2252 1204 2297 εει,

698 2311 724 2362 i'd
741 2325 790 2377 est,
803 2310 913 2363 reddam
927 2326 953 2364 te
966 2316 1067 2387 eampis
1076 2331 1100 2367 et
1115 2315 1203 2369 lustris¹

697 2393 869 2444 Centauriois.
885 2391 1007 2444 llntrttttt.

734 2471 793 2539 267.
804 2471 831 2520 b.
846 2482 862 2521 t.
872 2489 976 2542 perego
988 2471 1037 2522 boc
1046 2473 1129 2524 decus.
1140 2471 1202 2524 lixo.

697 2551 774 2618 Burg.
792 2569 841 2623 per
853 2567 900 2622 epo
912 2550 1000 2616 clerus,
1019 2554 1117 2603 omisso
1139 2573 1204 2623 pro-

697 2632 805 2682 nomine
826 2631 882 2681 boc.
899 2653 909 2676 ι
927 2630 997 2681 Malo
1016 2632 1205 2704 lindenbrogii

698 2710 778 2760 editio
791 2710 913 2760 voculam
927 2729 987 2780 ego,
1006 2730 1109 2777 errore,
1124 2725 1204 2781 putto,

698 2790 874 2864 typographi,
886 2791 984 2841 omitit.
993 2791 1088 2842 llttttn.
1099 2823 1135 2830 —
1147 2791 1205 2843 Hoc

698 2871 783 2920 decus.
796 2868 928 2932 subaudi,
937 2887 984 2918 oro
998 2883 1037 2933 te,
1046 2871 1123 2940 quasi
1134 2869 1205 2922 (licat

699 2967 748 3019 per
761 2949 884 2996 virtutem
901 2948 1013 3014 juventa
1026 2961 1076 2998 tute
1089 2961 1114 3000 te
1131 2967 1187 3000 oro.

737 3027 796 3078 268.
812 3027 927 3096 Experto
943 3027 1065 3078 maritum
1086 3029 1123 3080 Te
1141 3032 1204 3102 p'ro-

149 3127 233 3180 gnant
245 3123 338 3159 eontra
354 3108 501 3158 Centauros
515 3108 589 3156 vivos
602 3105 655 3156 suf·
696 3118 762 3177 pter.
775 3105 815 3169 Si,
827 3105 927 3176 inquit,
941 3117 1099 3176 propterte,
1111 3105 1137 3158 id
1151 3121 1204 3173 est,

150 3187 548 3256 locatusest,congestaineum
558 3201 652 3254 magna

149 3269 274 3320 arborum
297 3269 389 3338 copia,
411 3285 491 3338 quum
516 3264 589 3316 nullo
609 3264 654 3315 teli

149 3367 244 3421 genere
257 3347 391 3399 vulnerari
403 3361 509 3416 posset,
521 3357 546 3396 et
562 3345 588 3395 in
604 3361 654 3394 cae-

149 3427 236 3480 uidem
245 3443 318 3478 avem
327 3439 531 3488 converrusest,
545 3436 574 3475 ut
583 3426 655 3475 canit

149 3507 225 3560 (bid.
241 3509 303 3558 blet.
313 3507 374 3570 xit,
384 3525 408 3556 v.
419 3503 487 3557 530:
499 3527 510 3548 ι
521 3503 653 3556 Osalve...

150 3586 264 3638 Maxime
283 3581 494 3656 urguendum,
516 3581 562 3632 sed
583 3599 654 3632 nunc

150 3668 206 3720 atis
220 3665 307 3718 unica.
324 3660 472 3734 »Virgilius
484 3674 572 3712 tamen
586 3661 655 3711 affir-

151 3759 204 3796 mat
223 3747 251 3796 in
270 3741 423 3796 muliebrem
439 3759 530 3792 sexum
545 3739 655 3792 rediisse

151 3827 208 3876 AEn.
222 3825 271 3889 Vl,
291 3843 315 3873 v.
326 3822 395 3892 449:
412 3844 423 3866 ι
438 3824 460 3873 lt
475 3837 564 3871 comes
577 3835 601 3872 et
613 3822 655 3888 ju·

151 3904 222 3954 venia
231 3900 380 3974 quondam,
393 3917 467 3951 nune
478 3901 590 3964 femina,
603 3901 655 3950 Cae·

152 3978 350 4050 neus‚1tursus
371 3994 397 4032 et
416 3981 443 4032 in
463 3991 578 4031 veterem
600 3981 655 4031 lato

151 4059 393 4131 revolulaflguram
417 4081 429 4104 ι

188 4140 248 4192 26⁵.
260 4139 296 4190 Η.
310 4157 329 4190 s.
342 4159 367 4212 q.
381 4159 416 4190 m.
430 4155 577 4211 numenque
589 4137 657 4188 exire

153 4220 309 4294 rnalignunt.
325 4221 354 4271 ln
371 4216 463 4271 iisdem
478 4213 655 4287 ltindenbrog.

698 3200 729 3237 ut
742 3188 900 3266 gignereris,
921 3188 1035 3237 sustinui
1056 3187 1134 3239 Peleo
1153 3187 1205 3240 lto-

699 3269 763 3318 mini
776 3266 880 3317 mortali
894 3267 1004 3320 nubere.
1019 3271 1143 3320 Battamt.

737 3343 796 3415 269.
812 3345 842 3396 Τ.
859 3364 887 3415 p.
900 3345 922 3396 si
931 3347 1095 3420 progenitum
1113 3347 1206 3420 Stygos

699 3443 778 3476 amne
797 3443 891 3476 severo.
912 3425 942 3476 Si
960 3428 1080 3497 pertitam
1100 3429 1206 3500 Styqeot

699 3509 829 3575 amiteque
845 3522 930 3556 seuero
954 3505 1016 3557 Exc.
1042 3507 1119 3576 Burg.
1132 3510 1207 3560 -Si

698 3583 863 3656 progenitum
875 3583 967 3657 Stygos
976 3603 1054 3636 amne
1063 3605 1148 3650 seuero
1158 3587 1206 3638 Ar-

701 3663 780 3713 mavr'.
790 3661 857 3712 Vide
868 3681 948 3732 supra
958 3681 996 3713 vs.
1012 3663 1110 3730 tdl.-
1120 3665 1207 3716 Amne

700 3760 794 3794 severo.
805 3740 834 3792 ld
848 3754 901 3804 est,
912 3741 989 3813 Styge
1000 3741 1148 3810 horrenda,
1159 3765 1208 3816 per

702 3839 795 3894 quam,
807 3834 836 3871 ut
846 3821 943 3874 Scribit
954 3823 1077 3892 Virgilius
1087 3825 1145 3874 AEn.
1158 3825 1207 3882 Vl,

702 3917 739 3951 ts.
755 3901 830 3968 324:
849 3925 859 3947 u
880 3899 923 3952 Dii
939 3903 1030 3972 jurare
1052 3901 1159 3968 timent,
1182 3919 1207 3955 et

700 3977 793 4030 fallere
812 3998 918 4032 numen.
936 4005 946 4026 n
964 3980 1043 4048 Quod
1060 3981 1207 4035 secundum

702 4058 806 4110 fabulas
821 4059 881 4111 ideo
894 4072 946 4124 est,
965 4061 1026 4132 quia
1046 4059 1143 4113 dicitur
1163 4063 1209 4114 vi-

702 4141 784 4192 ctoria
805 4139 889 4213 Stygis
910 4140 964 4191 lilio
985 4139 1055 4190 bollo
1077 4141 1208 4213 Giganteo

702 4219 761 4271 lovi
784 4219 894 4284 lavisse,
922 4237 973 4288 pro
1000 4237 1052 4289 quo
1079 4219 1208 4274 bonolicio

954 4311 1008 4374 33.
