3230 5168
517 485 659 548 LlBEIi
684 485 788 548 Vlll.
1111 489 1176 555 -125

180 623 354 698 Transeat,
364 633 466 709 atque
477 613 599 682 orbum
608 617 701 682 vittae
710 613 826 682 decus.
841 616 937 684 Haud
948 641 1056 700 mora,
1066 626 1179 690 cuncti

182 732 348 822 Insignem
360 727 468 810 fama,
482 745 666 821 sanctoque
678 725 893 821 Melampode
905 745 1035 798 cretum

180 839 425 908 Thiodamanta
436 837 573 922 volunt,
586 839 725 932 quicum
738 840 811 930 ipse
822 863 945 908 arcana
956 847 1105 911 Deorum

181 953 361 1032 ramme
373 953 462 1018 visas
473 952 534 1017 uni
546 950 674 1017 sociare
686 947 815 1018 solebat
1129 971 1180 1022 ,ευ

179 1059 400 1154 Amphiaraus
412 1085 508 1141 aves,
521 1073 692 1154 tantaeque
703 1057 796 1128 haud
808 1060 943 1130 invidus
954 1065 1035 1130 artis

178 1170 352 1240 Gaudehat
363 1169 429 1240 dici
442 1169 588 1239 similem
596 1221 605 1251 ,
614 1167 780 1265 juxtaque
792 1171 991 1240 secuudum.

179 1278 277 1347 Illum
290 1282 410 1371 ingens
423 1277 602 1347 confundit
612 1277 737 1362 honos,
751 1282 956 1377 inopinaque
967 1284 1080 1352 turbat

178 1390 301 1474 Gloria,
315 1407 349 1460 et
360 1382 489 1460 oblatas
502 1389 640 1458 frondes
653 1390 842 1460 submissus
855 1391 989 1476 adorat,

178 1504 283 1596 Seque
295 1506 389 1572 oneri
401 1518 502 1594 negat
514 1525 587 1571 esse
598 1505 888 1598 parem,cogique
899 1523 1059 1573 meretur.
1129 1520 1179 1572 285

220 1615 313 1680 Sicut
326 1613 561 1681 Achaemenius
575 1612 698 1682 solium
711 1631 896 1710 gentesque
907 1632 1065 1708 paternas
1117 1705 1119 1710 Ι

137 1843 263 1892 atem,
278 1841 305 1879 et
319 1846 431 1898 equata
445 1846 526 1879 manu
544 1847 594 1898 pro
605 1847 630 1880 v.
713 1828 773 1882 283.
795 1829 940 1900 confundit
954 1829 1043 1882 honos.
1057 1831 1126 1898 Quia
1141 1833 1180 1882 vi-

137 1901 152 1952 l·
168 1923 295 1959 memor.
314 1907 372 1958 Pnt.
390 1906 512 1980 prodigia
528 1904 630 1965 launna
677 1915 734 1956 etue
745 1917 785 1956 est
795 1906 999 1975 verecundatur,
1009 1906 1035 1960 id
1046 1909 1180 1980 eat,jndi-

137 1997 198 2036 unns
210 1983 306 2037 llehot.
319 1983 416 2037 tradita
428 1983 531 2052 Ιαιιηω,
544 1997 570 2036 et
581 2003 630 2055 pro
676 1982 710 2032 cii
721 1982 804 2052 ipsius
814 1985 898 2052 gratia
907 1997 1041 2053 gravatur.
1051 1989 1132 2040 Recte
1142 2007 1180 2040 er·

137 2079 157 2113 r.
168 2062 184 2114 l.
196 2064 312 2135 prodita.
325 2066 434 2137 -lleg
445 2067 481 2132 B,
496 2065 526 2136 Q.
540 2078 559 2118 e.
572 2083 591 2118 e.
605 2086 629 2117 a.
675 2077 726 2129 go,
749 2061 822 2132 quod
845 2062 995 2115 verecunde
1019 2067 1180 2134 excusabat,

135 2159 179 2212 quo
191 2143 314 2220 pmdigia
334 2143 423 2197 laum
439 2145 553 2215 pmbm
568 2146 630 2217 Reg,
678 2136 773 2210 dignus
788 2155 844 2193 erat
855 2139 928 2212 quod
942 2158 1089 2214 cogeretur.
1101 2147 1179 2200 LAGT.

136 2221 228 2277 Gnoet.
242 2224 304 2278 leot.
317 2227 363 2277 En.
373 2253 410 2266 -
421 2225 554 2296 Tripodas.
564 2225 632 2278 Vide
715 2220 774 2286 284.
798 2221 904 2274 Oblatas
909 2222 1027 2294 frondes.
1040 2225 1150 2279 Lauros.

134 2299 210 2354 Theb.
227 2305 258 2369 1,
273 2303 334 2374 509.
354 2333 389 2344 --
407 2303 632 2374 lauruslnsigue
715 2299 774 2352 285.
800 2301 915 2374 Copiqae
937 2311 1055 2354 πιστωτ-
1079 2305 1180 2359 Eodem

135 2381 272 2435 sacerdotii
282 2382 388 2448 thhi,
401 2401 454 2434 une
464 2401 526 2435 cum
537 2383 630 2435 infula.
678 2377 759 2430 modo
773 2379 865 2432 Cicero
879 2377 973 2451 Philip·
988 2383 1026 2433 V:
1044 2385 1179 2438 «Tantam
1284 2385 1298 2402 ⁸

165 2477 223 2531 ²77*
240 2463 382 2530 Teuma,
393 2473 472 2537 μεμε
482 2464 574 2516 orbum
587 2465 633 2517 vie.
678 2455 711 2508 ab
724 2457 825 2510 ambitu
839 2463 971 2532 sepositus
983 2462 1016 2513 ait
1026 2461 1181 2534 magistra·

135 2540 253 2595 aeaeae.
264 2543 346 2612 lang.
355 2544 436 2595 Laur.
449 2541 547 2596 Buslid.
560 2543 630 2615 Lips.
678 2538 752 2609 tut),
764 2551 794 2590 ut
805 2554 936 2610 quaeratur
944 2540 1093 2614 cogendus,
1107 2563 1181 2615 roga·

135 2630 156 2668 et
167 2617 297 2674 editiones
306 2633 422 2674 veteres:
436 2619 496 2674 uitae
506 2620 589 2674 decus.
598 2653 632 2664 -
677 2627 720 2668 tue
728 2617 847 2685 recedat,
855 2619 980 2672 invitatus
988 2621 1112 2692 effugiat3
1123 2621 1180 2676 sola

135 2697 236 2751 Orbem.
251 2701 360 2754 Mortuo
371 2699 543 2771 Amphiarao.
676 2695 715 2748 illi
729 2697 891 2770 suffragetur
901 2702 1042 2753 necessitas
1054 2719 1179 2754 excusau-

164 2779 222 2846 278.
242 2779 391 2852 Sancteque
404 2778 573 2852 Melampode
582 2799 633 2834 ere·
677 2773 712 2826 di.
723 2779 846 2831 Profecto
856 2777 981 2848 indignus
990 2781 1012 2830 ia
1022 2792 1062 2832 est
1071 2781 1181 2851 publice

133 2865 191 2908 him.
202 2857 375 2930 Melampade
387 2860 415 2910 iu
426 2877 481 2911 uno
493 2857 587 2911 Behot.
596 2889 632 2900 -·
676 2851 819 2924 dignitate,
832 2857 882 2908 niai
894 2856 974 2908 fuerit
988 2855 1124 2909 ordinatus
1138 2861 1180 2910 in·

131 2931 274 3008 Sancteque
284 2936 453 3009 Melampode
465 2946 574 2990 cretum.
592 2938 631 2990 De
675 2933 752 2986 vitus.
764 2957 776 2981 ι
797 2931 965 3004 Lampridius
983 2934 1011 2985 in
1029 2933 1179 2988 Alexandro

132 3011 298 3088 Melampode
315 3015 376 3069 vide
394 3014 479 3068 Theb.
497 3017 548 3083 111,
563 3017 630 3084 453,
677 3012 786 3066 Severo:
798 3014 990 3076 «inritosfflon
999 3013 1144 3067 ambienter
1151 3017 1179 3068 in

131 3107 154 3143 et
173 3096 200 3146 in
217 3095 293 3148 hunc
312 3113 417 3150 versam
437 3099 546 3150 Excurs.
566 3111 630 3151 tom.
676 3090 814 3161 republica
838 3088 1009 3142 collocandos
1032 3109 1088 3145 esee
1111 3096 1180 3148 refe·

130 3177 238 3242 praeced.
254 3179 378 3250 pugiles
394 3191 421 3230 et
431 3178 493 3249 357.
513 3180 559 3230 Eo.
676 3169 784 3224 rebat·-

161 3271 221 3325 279,
244 3255 443 3310 Thiodamanta
452 3255 561 3319 volunlf
571 3258 630 3330 gui.
713 3249 773 3305 286.
791 3253 863 3304 Sicu!
876 3251 1059 3306 Achaemenius
1071 3253 1178 3320 wilm,

129 3350 183 3384 tum
211 3335 268 3407 ipae
291 3355 390 3388 arcana
417 3336 549 3402 Deoncm,
579 3351 628 3388 etc.
676 3329 1180 3386 erc.AehimentusinunoBehor.Acte

130 3410 322 3468 Thindemanta
334 3416 362 3466 in
375 3413 469 3466 eodem
480 3412 572 3466 Behot.
586 3405 631 3468 οό-
653 3455 656 3462 ,
676 3410 769 3466 meniis
775 3411 842 3462 Dan.
853 3411 959 3462 Putoan.
968 3411 1181 3464 Petam-Aeliae·

127 3489 197 3558 dice,
216 3515 271 3568 quo
285 3513 344 3546 eum
362 3496 415 3568 ipre
427 3507 521 3549 recreta
537 3492 630 3548 Behot.
676 3489 784 3542 merim
797 3487 887 3555 ldeat,
899 3491 1037 3543 Persarum
1047 3509 1107 3556 rex,
1117 3493 1180 3563 qnia

129 3589 229 3639 ηοω
241 3576 468 3646 quaipsearearta
479 3575 547 3626 Dan.
676 3572 767 3624 Peraia
777 3587 852 3642 reges
860 3571 989 3642 originem
999 3570 1179 3626 trahebantah

158 3654 220 3706 280.
239 3654 353 3708 Sociare.
366 3654 474 3707 Socinm
485 3671 545 3706 eum
556 3671 632 3706 cura·
677 3650 860 3720 antiquissimo
879 3667 941 3722 rega
960 3649 1132 3721 Achemene,
1151 3666 1181 3705 ut

128 3749 181 3783 rum
189 3732 631 3804 digneri.Vet.Schol.-Sociare.
677 3726 766 3781 videre
783 3741 822 3782 est
841 3729 913 3800 apud
925 3726 1099 3782 Herodotum.
1114 3731 1181 3786 Vide

125 3811 273 3884 impertiri:
287 3831 359 3864 novo
370 3811 529 3868 asu..Valer.
542 3811 629 3864 Flacc.
676 3808 761 3861 Theh.
771 3810 798 3875 1,
811 3808 877 3877 7¹8³
889 3822 915 3860 et
927 3807 963 3859 ibi
973 3821 1028 3860 not.
1042 3824 1105 3862 tom.
1116 3829 1180 3882 prte-

126 3890 272 3959 Argonaat.
280 3893 314 3956 V,
326 3892 373 3945 aar
384 3905 476 3963 etseq.
490 3889 629 3954 -ettono,
676 3887 734 3941 ced.
743 3904 804 3958 pag.
815 3885 1179 3941 rao-SicutAelremena'us.

125 3969 631 4041 ettnmmivirgolotie,intimoeecnm
676 3965 832 4020 Achemene
850 3964 1007 4018 Parthorum
1021 3984 1069 4018 eeu
1085 3967 1180 4021 Medo·

124 4049 241 4102 Consilia
249 4050 366 4102 etruriae
375 4049 512 4102 sociabant
520 4059 630 4120 pectore
676 4050 833 4100 rumcivitae
842 4057 890 4098 est.
901 4048 998 4099 Lucan.
1009 4045 1098 4099 Phara.
1106 4049 1165 4100 Vlll
1171 4086 1179 4113 ,

125 4143 208 4180 cama.
221 4153 233 4177 ι
253 4129 313 4180 vid.
329 4141 384 4181 not.
400 4142 469 4184 nort.
488 4127 551 4180 edit.
565 4141 628 4180 tom.
676 4128 744 4196 andr
758 4143 873 4200 upaasut
885 4125 1057 4179 Achaemeniis
1069 4125 1121 4176 lata
1130 4127 1179 4178 de-

125 4205 148 4272 l,
159 4225 223 4280 pag.
238 4205 310 4278 349:
320 4208 368 4260 En.
677 4223 781 4260 currere
795 4207 931 4276 campis„
947 4205 1066 4274 Propera.
1080 4201 1124 4256 lib.
1139 4203 1180 4272 ll,
