3194 5156
292 458 297 464 ⁵
403 467 468 534 516
613 470 648 532 P.
676 470 710 531 P.
737 468 892 534 ΙἳΤΑΤ11
917 465 1251 530 ACHILLEIDOS'

447 595 600 676 Armavi,
615 599 808 689 (totumque
820 597 949 662 utinam
960 596 989 681 1)
1002 613 1085 686 cape
1098 607 1167 660 tuta
1181 615 1366 685 parumper
1402 621 1455 674 η.

447 706 612 798 Tegmina
621 702 692 788 ,nil
705 707 858 780 nocitura
870 707 1000 772 animo:
1014 728 1076 772 cur
1088 726 1147 770 ora
1159 702 1311 770 reducis!

447 814 578 900 Quidve
591 831 714 908 parant
727 813 839 882 oculi?
850 814 957 908 pudet
968 813 1034 880 hoc
1045 816 1221 882 mitescere
1233 810 1349 881 cuitu?

448 932 511 994 Per
522 943 573 1007 te,
586 949 662 994 care
671 950 775 1018 puer,
789 913 930 1018 cogitata
943 949 1004 1018 per
1016 949 1152 1020 aequora
1161 921 1259 1018 juro,

447 1038 580 1104 Nesciet
590 1034 655 1103 boc
666 1034 803 1102 Chiron.
817 1067 829 1096 a
847 1037 899 1103 Sic
910 1033 1048 1102 horrida
1060 1052 1196 1127 pectora
1208 1048 1328 1101 tractat

449 1151 681 1244 Nequicquem
694 1145 863 1215 mulcens:
877 1146 989 1214 obstat
1000 1150 1199 1240 genitorque
1212 1146 1360 1238 roganti,
1397 1155 1452 1226 ²7⁵

410 1269 416 1283 “
448 1264 667 1356 Nutritorque
678 1263 811 1352 ingene,
826 1278 860 1328 et
871 1258 976 1328 cruda
990 1259 1126 1328 exordia
1135 1283 1265 1354 magnae

446 1372 592 1444 indolis:
607 1373 743 1441 effrenat
755 1372 926 1442 tumidum
940 1372 1035 1441 velut
1046 1373 1122 1464 igne
1131 1369 1281 1466 juventae

445 1493 478 1560 Si
491 1490 566 1584 quis
578 1511 705 1582 equum
717 1489 835 1581 primis
848 1487 1045 1556 submittere
1058 1502 1163 1554 tentet
1174 1485 1331 1568 habenis;

447 1599 525 1679 tlte,
542 1597 757 1690 diucampis‚
770 1596 970 1692 fluviisque,
985 1596 1158 1665 ethonore
1171 1595 1319 1690 superbo

450 1711 612 1790 Gavisus,
625 1732 695 1776 non
706 1706 791 1776 colia
800 1705 903 1800 jugo,
915 1731 983 1774 non
996 1730 1115 1799 aspera
1126 1705 1255 1800 praebet
1400 1719 1454 1771 sto

394 1865 396 1873 ι
433 1808 514 1891 'Ora
526 1819 631 1913 lupis,
646 1819 841 1913 dominique
855 1821 959 1910 gemit
970 1820 1123 1911 captivus
1136 1819 1221 1883 inire

399 2028 523 2099 iuppiter
535 2027 560 2080 ei
570 2026 676 2093 tribuit,
688 2039 719 2078 ut
733 2027 775 2078 Dii
782 2029 903 2098 jurantes
985 2025 1044 2093 276.
1057 2025 1110 2096 Nq.
1127 2023 1144 2075 i.
1155 2034 1181 2076 et
1191 2023 1271 2076 cntda
1280 2021 1453 2076 erudiam

398 2127 448 2178 per
461 2107 518 2176 ejus
534 2120 644 2158 matrem
656 2124 710 2156 non
722 2104 837 2158 audeaut
853 2105 903 2156 tat·
944 2123 1013 2180 puoe.
1026 2108 1083 2157 Put.
1095 2103 1202 2157 exordia
1215 2113 1331 2156 moueat.
1343 2101 1450 2172 -iieg¹

399 2185 463 2238 lere.
478 2189 599 2238 ersuu.
948 2183 1282 2253 Rhabetiiauclect.Reg.
1293 2181 1451 2234 Cnostram.

434 2282 495 2334 ²7⁰·
508 2266 584 2317 Tuta.
600 2265 625 2318 Si
637 2267 724 2318 miuus
735 2265 903 2318 honesta-
946 2264 1173 2318 Flu-Nutritur.
1186 2263 1299 2328 Chiron,
1311 2260 1383 2334 quod
1394 2263 1451 2329 ejus

399 2347 553 2418 Parumper.
565 2345 607 2396 Ad
618 2345 698 2398 breve
706 2360 820 2416 tempus.
830 2344 901 2396 Msr.
947 2343 1116 2416 disciplinam
1125 2342 1286 2415 abjiciat-
1295 2341 1388 2394 Cruda.
1399 2342 1453 2392 Du-

435 2443 494 2496 27¹·
519 2425 655 2497 Tegmina.
677 2425 834 2477 Muiiebrem
856 2443 903 2476 ue·
947 2419 1454 2496 saetaspcraprincipiaquodabegre·

399 2504 903 2568 stem.÷-Niiuocitrtruaesimodni·
947 2507 995 2576 giis
1022 2504 1207 2558 adolescentiae
1238 2521 1291 2556 suae
1316 2501 1453 2573 principiis

400 2587 434 2636 mi
449 2586 519 2636 enim
532 2583 616 2636 robur
632 2598 657 2635 et
676 2587 757 2635 virtus
776 2582 840 2634 nibil
861 2585 903 2636 iu·
947 2585 1063 2636 discedat
1075 2621 1083 2648 ,
1095 2603 1153 2654 quea
1166 2601 1260 2654 magna
1279 2595 1304 2634 et
1325 2581 1453 2652 praeclara

399 2663 536 2734 iringetnr.
551 2691 588 2703 -
605 2664 720 2716 Reducis.
741 2665 821 2714 lietro
836 2681 902 2713 con·
947 2662 1071 2716 omuibus
1086 2664 1205 2715 facinora
1218 2659 1423 2732 pollicebantur.

399 2745 492 2810 vertis,
506 2757 536 2794 ut
549 2744 626 2815 pueri
640 2745 756 2808 faciunt,
769 2743 814 2814 qui
833 2741 904 2794 iudi·
984 2743 1243 2816 ²77.Ipuejuveutoe.
1253 2741 1453 2811 invenitaptam

398 2834 509 2892 gnantcr
517 2820 618 2892 aliquid
625 2819 744 2872 oblatum
757 2821 902 2891 rciugiuut,
948 2823 1174 2891 comparationem
1182 2839 1188 2872 t
1197 2840 1259 2872 nam
1267 2821 1304 2872 ita
1313 2839 1350 2885 se,
1358 2821 1454 2890 inquit,

434 2917 493 2970 ²7²·
511 2901 557 2971 Qu.
569 2920 598 2972 p.
615 2919 639 2951 ο.
653 2899 735 2970 pudet
754 2901 802 2952 hoc
822 2901 900 2952 mite·
947 2899 1065 2954 babebat
1075 2900 1206 2966 Achilles,
1228 2897 1453 2972 quemadmodum

398 2997 464 3030 scere
481 2977 564 3031 cultu.
585 2981 613 3030 ln
633 2978 724 3030 iisdem
745 2977 806 3029 Exc.
820 2980 901 3049 pudet
946 2999 1031 3052 equus
1044 2983 1151 3052 juvenis
1170 2979 1329 3044 indomitus,
1345 2981 1390 3050 qui
1404 2977 1455 3030 do·

399 3079 440 3112 ue.
454 3089 488 3098 -
499 3057 600 3132 Quidue
611 3072 710 3132 parant
723 3059 901 3112 oculi.Torvis
947 3062 1049 3112 mitoris
1062 3060 1184 3113 menibus
1205 3077 1259 3111 uon
1276 3057 1355 3110 facile
1373 3057 1453 3110 cedit.

400 3141 470 3190 cuim
486 3138 569 3190 oculis
581 3135 735 3190 intuebatur
746 3153 902 3191 ornamenta
946 3140 1043 3208 Sicque
1052 3138 1307 3193 ostenditAcbillem
1319 3137 1365 3190 diu
1376 3138 1454 3190 matri

403 3215 552 3270 muliebria.
568 3219 615 3268 Eo.
948 3219 1089 3282 restitisse,
1102 3218 1207 3270 demum
1222 3215 1347 3288 precibus
1361 3218 1455 3286 fatiga·

438 3300 497 3367 275·
511 3299 546 3350 N.
558 3317 593 3348 m.
608 3298 689 3349 obstat
699 3297 855 3371 genitorque
867 3315 905 3349 ro·
948 3310 1004 3350 tum
1018 3299 1231 3368 acquievisse-
1242 3299 1317 3370 Igne.
1331 3299 1452 3350 Feruor-e.

398 3377 481 3450 genti.
490 3380 578 3429 Peter.
584 3377 747 3448 precauti-
756 3376 852 3430 Obstat.
859 3378 904 3429 Re·
986 3377 1044 3445 278.
1060 3376 1087 3428 S.
1103 3396 1128 3449 q.
1141 3395 1164 3427 e.
1172 3394 1201 3447 p.
1213 3395 1232 3428 s.
1249 3385 1329 3427 tentet
1339 3373 1452 3426 babonis.

400 3458 482 3522 sistit,
494 3456 656 3526 refragatur,
672 3455 814 3525 quominus
828 3457 905 3506 matri
949 3455 1034 3508 Codd.
1050 3455 1184 3508 ‚Bernartii
1198 3467 1225 3507 ct
1245 3458 1349 3506 Venett.
1366 3465 1455 3526 captat

402 3534 904 3609 obtemperet-Genitorqueroganti.
951 3533 1064 3586 habenis.

400 3612 905 3685 'i'ribusinquitimpediebaturbcbilies
987 3633 1046 3685 279.
1062 3617 1174 3687 Campis.
1184 3616 1232 3666 Per
1240 3632 1306 3686 quos
1317 3613 1400 3666 libere
1409 3633 1454 3667 cu·

404 3712 437 3748 ue
457 3694 579 3746 habitum
597 3693 720 3744 indueret
731 3692 905 3758 muliebrem,
950 3696 1040 3747 currit.
1066 3725 1102 3734 —
1122 3694 1228 3747 Fluviis.
1250 3696 1326 3762 Quos
1348 3705 1453 3756 nauare

405 3771 479 3846 quod
497 3773 621 3841 injuriam
640 3773 771 3843 majestati
789 3785 905 3842 paternas
951 3787 1132 3826 consueverat.
1144 3775 1223 3826 —Et
1234 3773 1453 3847 bonoresuperbo.

403 3865 429 3906 et
442 3851 551 3904 Chironi
567 3851 644 3904 simul
657 3853 745 3904 facere
756 3850 904 3919 rideretur,
950 3853 1030 3920 Quod
1045 3853 1132 3905 adbuc
1144 3853 1250 3907 ulterius
1262 3855 1389 3924 potestati
1397 3873 1453 3907 non

404 3946 460 3985 tum
479 3945 567 3984 autem
585 3931 658 4003 quod
676 3932 786 4004 egregiis
799 3927 905 3984 adoles·
950 3933 1032 3984 inerit
1046 3932 1187 3986 obnoxius.

402 4011 903 4083 centieaussprincipiisnouinsisteret.
987 4013 1047 4066 28¹.
1058 4013 1109 4064 Ora
1118 4011 1199 4082 iupis,
1210 4012 1364 4084 dominique
1369 4015 1456 4087 gemit

401 4121 433 4132 ·-
442 4089 740 4144 Genitor.Peleus.Nam
751 4091 903 4159 ejusrirtuti
949 4091 1065 4166 captiuus
1078 4091 1151 4143 inire.
1165 4091 1247 4162 Lang.
1261 4093 1340 4144 Lour.
1353 4090 1452 4144 Busiid.

402 4167 564 4241 respondere
577 4188 632 4221 non
644 4168 790 4222 ridebatur.
950 4171 1066 4242 Lipsiae.
1087 4181 1113 4222 ct
1134 4167 1194 4222 edd.
1215 4180 1283 4232 susti.¹
1301 4170 1454 4242 dominique
