3272 5166
404 521 467 589 ²7²
634 501 669 562 P.
696 500 732 563 P.
758 497 915 564 STATll
938 500 1217 572 THEBAIDOS

448 623 588 706 Suadet,
601 639 635 692 et
645 647 665 689 a
674 620 801 715 junctis
815 639 906 692 arcet
917 649 979 694 sua
990 625 1105 695 nubila
1117 632 1234 698 castris

447 737 620 827 Noctivagi
631 737 681 802 vis
693 733 816 803 blanda
827 737 907 802 Dei:
920 753 1011 804 stant
1020 738 1170 834 undique
1181 743 1217 807 in
1228 746 1329 811 armis

448 847 584 916 Foedam
597 847 810 940 indignantes
822 863 974 932 nomem,
987 849 1357 946 vigilesque'superbos.

448 963 533 1027 Eece
540 959 822 1051 repens,Suporis
829 959 1251 1054 animumlymphantibus,
1258 963 1378 1034 horror
1395 980 1443 1033 160

447 1069 694 1138 Thiodamanta
706 1069 812 1152 subit,
824 1068 1105 1166 formidandoque
1116 1075 1266 1144 tumultu

448 1178 598 1247 Pandere
608 1179 677 1245 fata
685 1175 801 1269 jubet:
815 1182 884 1246 sive
895 1176 984 1248 hanc
996 1183 1150 1250 Saturnia
1160 1201 1327 1268 mentem,

447 1291 521 1358 Sive
532 1311 659 1356 novum
670 1289 827 1356 comitem
837 1288 948 1356 bonus
960 1287 1140 1382 instigabat
1149 1289 1279 1384 Apollo.

447 1398 579 1469 Prosilit
590 1402 625 1465 in
638 1397 783 1481 medios,
796 1402 870 1468 visu
881 1399 1067 1494 audituque
1079 1402 1288 1487 tremendus,

447 1513 699 1606 Impatiensque
710 1511 788 1594 Dei,
800 1510 909 1603 fragili
922 1535 1023 1605 quem
1035 1529 1147 1582 mente
1159 1531 1331 1607 receptum
1393 1529 1440 1583 165

448 1626 523 1689 Non
535 1623 625 1713 capit
636 1647 643 1686 :
656 1620 829 1689 exundant
840 1621 986 1706 stimuli,
999 1621 1179 1718 nudusque
1189 1647 1251 1716 per
1262 1647 1321 1692 ora

446 1733 517 1801 Stat
527 1730 635 1813 furor,
647 1747 682 1799 et
693 1731 840 1824 trepidas
853 1735 980 1802 incerto
990 1736 1153 1826 sanguine
1164 1733 1288 1816 reddit,

437 1979 496 2046 157.
517 1979 626 2044 Suadet,
644 1989 670 2032 et
686 2001 703 2032 a
716 1983 813 2052 junctis
830 1993 899 2034 arcet
942 1979 997 2034 silit
1006 1981 1033 2032 in
1044 1981 1159 2033 medium
1170 1978 1232 2033 Beh.
1247 1997 1271 2048 ι,
1282 1991 1295 2030 t
1307 1977 1438 2032 exhibent.

398 2079 445 2112 sua
456 2059 545 2112 nubila
554 2062 647 2115 castris.
659 2062 733 2115 Unus
743 2063 835 2116 Rehot.
848 2075 898 2116 eta
981 2061 1039 2114 166.
1047 2061 1109 2112 Non
1119 2061 1204 2132 capit:
1216 2059 1440 2112 exundantstimu-

399 2139 506 2190 eunctis.
515 2168 552 2178 —
560 2142 624 2212 ling.
636 2143 656 2191 B
667 2139 760 2206 habet,
770 2141 866 2195 Suadet
874 2153 899 2195 et
943 2138 976 2205 li,
990 2140 1123 2212 nudusque
1132 2159 1180 2212 per
1190 2158 1242 2192 ora.
1257 2140 1315 2189 Pnt.
1329 2137 1441 2190 esudant

398 2216 537 2286 adunatis,
557 2231 607 2268 etc.
623 2218 686 2289 Reg.
701 2220 722 2270 C
735 2233 817 2273 nostr.
837 2219 897 2273 lect.
941 2215 1214 2269 stimuli-Samaei.
1225 2215 1327 2284 Quibus
1337 2233 1439 2288 preme-

397 2296 444 2347 En.
452 2296 529 2346 —Et
538 2315 554 2345 a
560 2297 664 2366 junctis.
672 2299 720 2364 Et,
730 2297 773 2350 hic
784 2317 832 2369 pro
840 2300 895 2364 sed,
941 2295 1166 2350 beturauumine.
1174 2299 1249 2348 Lacr.
1259 2295 1439 2368 -Nudusque

398 2373 606 2446 quodfrequeoa
618 2376 735 2427 Lucano.
747 2405 783 2416 —
796 2377 895 2430 Castris.
939 2392 988 2446 per
1006 2393 1059 2427 ora.
1082 2378 1111 2427 ln
1133 2375 1240 2446 optimis
1261 2373 1438 2425 membranis:

397 2452 562 2521 Argivorum.
576 2452 702 2504 lucrina.
940 2453 1090 2525 multusque
1106 2471 1154 2526 per
1170 2471 1215 2504 ora
1232 2453 1290 2505 Stat
1301 2451 1385 2522 fluor.
1404 2453 1439 2502 Ut

437 2531 493 2600 159.
509 2531 536 2585 V
535 2529 655 2604 iqilesque
665 2534 791 2604 superbos.
801 2531 831 2586 ld
843 2547 896 2602 ost,
940 2534 1013 2604 Virg.
1026 2532 1124 2603 Georg.
1138 2535 1164 2598 1,
1177 2551 1201 2585 v.
1217 2535 1282 2602 187,
1297 2551 1397 2605 tquum
1410 2548 1438 2582 se

396 2609 555 2676 Thebanos,
570 2614 615 2682 qui
629 2611 724 2665 Granis
739 2614 766 2664 in
781 2615 834 2666 suis
850 2632 896 2666 ea·
939 2631 994 2666 nux
1004 2613 1119 2684 plurima
1129 2612 1201 2666 silvis
1210 2612 1304 2665 lnduet
1315 2614 1342 2664 in
1352 2611 1438 2662 florem

397 2690 456 2740 stris
473 2707 500 2740 se
514 2690 724 2756 contineutibus,
743 2709 773 2742 ac
789 2691 895 2764 prodire
940 2707 966 2745 et
984 2711 1072 2745 ramos
1091 2692 1211 2744 curvabit
1229 2691 1360 2745 olentes.»
1380 2689 1436 2743 Lib.

397 2786 450 2820 non
465 2767 638 2836 audentibus,
652 2770 823 2822 insultabant.
940 2772 988 2838 ΙΙΙ,
997 2790 1021 2822 v.
1031 2769 1078 2837 52,
1089 2770 1197 2836 «bovis,
1207 2772 1250 2822 aui
1258 2781 1437 2840 turpecaput,

435 2849 492 2902 160.
511 2849 579 2900 Ecce
590 2866 693 2921 repens,
708 2850 829 2922 Superis,
844 2865 893 2902 etc.
941 2850 983 2900 cui
995 2849 1109 2920 plurima
1121 2851 1238 2902 cervix.-

395 2927 463 2980 Eece
482 2945 567 2981 recens
585 2927 687 2980 Behott.
710 2945 736 2995 r,
757 2946 791 2994 n,
812 2929 894 3000 Laug.
979 2927 1036 2996 167.
1054 2926 1081 2978 S.
1091 2925 1117 2997 f.
1131 2945 1153 2978 e.
1170 2937 1189 2978 t.
1207 2929 1300 2978 incerto
1311 2923 1437 2998 sanpttine

395 3005 472 3058 Laur.
485 3005 581 3059 Buslid.
594 3006 710 3077 Lipsian.
722 3019 747 3059 et
759 3007 818 3060 edd.
832 3021 894 3060 vett.
940 3005 1032 3057 reddit.
1043 3006 1102 3059 Put.
1117 3006 1198 3076 laag.
1211 3003 1305 3058 Buslid.
1319 3005 1435 3075 lipsien.

395 3085 560 3156 Ecaerepens
568 3087 637 3137 Dan.
647 3087 705 3136 Put.
716 3085 893 3156 Lindenbrog.
940 3097 967 3136 et
982 3083 1042 3136 edd.
1058 3097 1121 3136 vett.
1136 3087 1262 3159 sanquine
1278 3082 1373 3146 tendit,·
1388 3085 1436 3134 Be·
1467 3115 1471 3122 ι

396 3176 422 3213 et
435 3177 543 3216 recentt.
556 3195 592 3208 -
603 3167 709 3236 Repetas.
723 3167 893 3237 Repentinus.
939 3161 1007 3214 hott.
1027 3180 1049 3230 1,
1063 3181 1087 3214 a.
1100 3163 1167 3216 Dan.
1181 3165 1294 3216 Gronov.
1308 3160 1395 3214 Barth.
1411 3171 1437 3212 et

395 3271 430 3280 —
441 3243 654 3314 lymphantibus.
667 3243 858 3296 Excitaotihua.
938 3244 1020 3296 Veen.
1041 3245 1166 3318 sanquine
1185 3243 1274 3295 reddit.
1293 3269 1328 3282 -
1346 3239 1437 3293 Reddit

433 3320 490 3372 161.
512 3320 704 3372 Thiodamanta
715 3320 789 3373 subit.
804 3321 894 3391 Thyo-
938 3319 1060 3392 (tendit).
1075 3323 1149 3392 Legit
1163 3321 1326 3385 Gronovius,
1347 3317 1434 3370 reddit.

394 3397 518 3452 damanta
542 3396 663 3449 nonnulli
685 3397 765 3448 codd.
787 3413 813 3452 et
833 3399 893 3452 edd.
938 3401 984 3452 Est
1002 3403 1088 3466 enirn,
1102 3401 1139 3451 ait
1150 3399 1208 3464 ille,
1226 3399 1303 3470 quasi
1317 3395 1433 3448 dixisset.

394 3491 456 3530 vett.
472 3477 661 3530 Thiodamanta
675 3477 766 3530 llehot.
783 3495 806 3530 a.
937 3478 1070 3532 Exhaurit
1084 3479 1230 3553 redditque,
1249 3475 1339 3546 impu
1356 3473 1435 3544 apiae·

432 3558 489 3609 162.
500 3556 891 3610 SivehaneSaturniamentem.
937 3577 980 3626 ptr.
1001 3557 1110 3610 Ovidius
1130 3557 1236 3610 Metam.
1256 3559 1296 3622 11,
1313 3573 1350 3608 vs.
1365 3555 1433 3622 409:

394 3632 634 3705 Supple,dederat.
940 3636 1030 3688 «Dum
1044 3634 1366 3709 redit,itquefrequens.·
1377 3631 1433 3684 Lib.

432 3713 490 3764 163.
510 3713 623 3766 Novum.
642 3713 803 3770 Thiodamas
821 3721 891 3769 enirn
936 3715 1007 3781 Vlll,
1025 3734 1062 3767 vs.
1077 3713 1145 3766 615:
1162 3716 1209 3768 ·Si
1225 3713 1289 3766 dant
1302 3709 1435 3764 adimunt-

394 3791 421 3841 in
438 3788 528 3842 locum
546 3791 696 3864 Amphiarai
714 3811 891 3862 successerat,
937 3811 989 3863 qne
1000 3793 1105 3865 figuras.
1119 3817 1129 3840 ι
1144 3823 1179 3832 -
1190 3795 1299 3846 incerto.
1312 3791 1369 3843 Sive
1379 3807 1435 3840 am-

351 3863 366 3884 '
394 3878 424 3918 ut
439 3867 558 3920 vidimus.
570 3871 620 3922 Adi
634 3873 770 3943 Virgilium
787 3874 890 3928 AEneid.
935 3863 1436 3944 higna,quiamodorubor‚tnodopal·

393 3945 442 4010 Vl,
453 3962 478 3995 v.
493 3962 539 4015 77,
553 3946 598 3998 nbi
612 3945 645 4002 de
656 3947 753 4022 Sibylla
763 3951 890 4022 loquitur.
936 3948 978 4000 lor
994 3967 1042 4002 ora
1056 3953 1112 4021 ejus
1128 3951 1255 4004 mutabat.
1268 3946 1357 4020 virgil.
1374 3947 1432 3998 AEn.

393 4051 428 4061 -
443 4023 593 4098 instipabat.
607 4027 756 4082 Bernartius
773 4030 835 4102 legit
852 4033 891 4082 in·
935 4030 988 4094 vl,
1002 4047 1040 4081 rs.
1056 4030 1108 4097 46:
1127 4032 1194 4084 uCui
1208 4031 1269 4084 talia
1283 4030 1349 4080 lauti
1365 4028 1433 4078 Ante

392 4101 507 4174 stiqarat.
935 4108 1006 4160 iores
1019 4108 1106 4160 subito
1116 4127 1170 4160 non
1180 4109 1282 4173 vultus,
1295 4125 1349 4158 non
1361 4103 1433 4156 color

431 4179 487 4246 ¹64·
497 4181 601 4238 Prosilit
611 4185 638 4237 in
647 4187 756 4252 medios,
767 4198 818 4239 eto.
828 4187 891 4239 Pro·
935 4205 1013 4240 nnus.
1026 4211 1036 4234 a
