3256 5160
609 547 753 612 LIBER
776 549 804 612 l.
1172 553 1239 620 503

228 674 453 745 Thessaliaeve
465 677 576 742 nives:
591 677 654 768 ipsi
666 675 751 742 mihi
765 699 856 769 saepe
869 694 1063 772 queruntur

227 788 385 856 Centauri
397 785 1106 884 raptusquedomos,ebstractequeeornm

227 907 402 983 Armenta,
416 915 450 968 et
464 903 593 993 campis
608 916 717 970 semet
726 899 907 996 fluviisque
918 902 1038 994 lugeri.

229 1010 1064 1107 lusidiusetbellaperunt,tumidiquemineutur.
1188 1027 1238 1082 155

228 1119 317 1191 Olim
330 1122 504 1217 equidem,
518 1128 646 1216 Argoos
658 1124 760 1216 pinus
772 1146 880 1218 quum
893 1123 1058 1193 Thessala
1069 1147 1166 1218 reges

229 1236 301 1300 Hae
312 1231 465 1315 veheret,
474 1229 638 1326 juvenem
650 1230 807 1310 Alciden,
822 1251 855 1301 et
866 1233 999 1302 Thesea
1010 1234 1096 1316 vidi3
1185 1237 1191 1254 '

228 1341 292 1411 Sed
306 1361 413 1412 taceo.
426 1376 440 1405 n
457 1347 544 1437 Figit
555 1341 686 1437 gelidus
700 1344 843 1412 Nereida
855 1345 990 1438 pullor.'

280 1453 340 1522 llle
350 1455 468 1523 aderat
479 1455 588 1524 multo
602 1455 742 1540 sudore,
756 1471 789 1522 et
797 1457 939 1548 pulvere
950 1456 1069 1551 major.

183 1640 379 1711 Septemtrioni.
394 1641 511 1714 Olympo
533 1640 595 1694 olim
621 1660 689 1694 eon·
733 1643 852 1717 equidem
860 1643 1239 1718 ArpivosVenett.3‚d.Olim

179 1723 303 1790 junctum
330 1721 458 1774 Hercules
485 1721 571 1774 scidit.
594 1719 689 1774 Strabo
733 1724 853 1796 equidem
876 1722 1013 1795 Aepolicos
1035 1725 1095 1775 Nic.
1116 1725 1241 1776 lleiusiue

184 1813 259 1853 terre
270 1802 551 1854 motumfaetumesse
569 1801 690 1855 ‹liciu-
735 1799 770 1850 ad
788 1799 865 1852 ovid.
886 1814 950 1852 tom.
970 1803 995 1866 Ι,
1016 1820 1044 1872 p.
1068 1801 1124 1854 163.
1143 1803 1242 1874 puppis

182 1879 279 1935 Pelion
289 1881 387 1954 inpete.
396 1881 521 1936 Estenim
529 1879 689 1934 editissimue
734 1895 816 1951 quum
830 1878 952 1932 Thessala
963 1881 990 1931 in
1005 1879 1163 1950 quibusdem
1177 1883 1242 1932 seri·

182 1979 261 2014 moue
274 1961 378 2024 Pelium
393 1979 455 2014 nem
467 1959 636 2014 Dicaeerchue
650 1964 690 2014 vir
733 1960 796 2030 ptis.
810 1989 846 2000 -
857 1959 957 2032 Arpom
970 1975 1046 2030 repes.
1057 1959 1241 2028 Argonautas,

184 2043 311 2114 inprimis
319 2041 536 2112 eruditueregum
545 2058 609 2096 eure
617 2061 691 2094 mou·
735 2040 782 2111 qui
802 2057 916 2092 nurnero
935 2049 1050 2114 quatuor
1069 2053 1094 2091 et
1109 2041 1242 2112 quinquu-

183 2134 222 2174 tes
241 2120 384 2174 Thessaliae
399 2139 572 2192 permensus,
591 2139 624 2174 ex
638 2121 690 2176 illie
735 2121 807 2190 pinta
822 2120 903 2172 luisse
914 2117 1074 2192 produntur.
1087 2119 1124 2170 Ex
1144 2118 1241 2190 quibus

184 2201 340 2254 altissimum
358 2200 431 2254 hune
448 2200 583 2273 prodidit,
597 2201 691 2254 MCCL
735 2199 872 2254 clarissimi
886 2202 964 2254 luere
980 2201 1077 2252 Castor
1094 2211 1120 2251 et
1133 2199 1241 2268 Pollux,

182 2297 334 2350 passuum,
353 2292 383 2332 ut
406 2281 489 2332 refert
506 2281 608 2334 Plinius
625 2281 687 2333 Nat.
735 2279 877 2345 Hercules,
894 2280 1038 2346 Telamon,
1050 2276 1188 2350 Orpheus,
1203 2280 1241 2328 A.

182 2361 251 2412 Hist.
262 2359 350 2428 lilull,
358 2379 417 2432 cap.
425 2359 690 2414 65.En.-Nuncil·
734 2359 833 2413 talanta
848 2357 989 2426 Seltoenei‚
1009 2373 1135 2430 preterea
1153 2359 1241 2411 norea

184 2437 239 2491 lum
251 2457 305 2491 non
319 2441 380 2493 ossa
393 2439 473 2510 capit.
483 2440 572 2512 Virp'l.
584 2441 688 2493 AEneid.
733 2439 787 2492 duo
803 2440 865 2508 lilii,
880 2453 906 2491 et
917 2443 975 2511 ipse
994 2439 1047 2492 dux
1066 2438 1242 2510 expeditionis

182 2519 235 2584 IX,
250 2518 303 2586 644
317 2541 323 2571 :
339 2541 351 2564 ι
363 2520 420 2571 Nee
439 2531 464 2571 te
480 2521 559 2589 Truje
579 2521 687 2592 cupite
732 2523 823 2574 Jusou.
837 2517 1136 2576 lliomuesdueemeibi
1146 2518 1242 2589 praefe·
1353 2519 1356 2534 '

183 2595 689 2673 Delmjnsverbiueuedillumvirgilil
733 2615 827 2654 cerunt
852 2599 993 2653 Herculem
1016 2598 1096 2651 veluti
1121 2600 1241 2649 omnium

182 2675 273 2728 locum
285 2677 344 2730 vide
362 2690 431 2731 nost.
451 2678 514 2730 edit.
528 2691 594 2732 tom.
607 2683 650 2747 lV,
661 2699 688 2752 p.
730 2681 833 2752 judicio
847 2678 1006 2733 fortitudine
1021 2692 1046 2731 et
1062 2679 1158 2730 virtute
1171 2693 1240 2748 prte-

182 2756 227 2809 66.
246 2759 346 2810 Notum
360 2761 423 2810 satis
437 2773 478 2811 est
494 2757 559 2811 illud
573 2759 689 2832 Philippl
734 2762 898 2812 stantiurem.
911 2785 946 2798 -
963 2758 1046 2809 Pinus
1061 2752 1192 2807 Thessala.
1210 2751 1241 2804 ld

183 2834 401 2889 udAlexendrum
410 2838 689 2908 filiumrQurerealiud
734 2850 788 2904 est,
803 2842 873 2906 Argo
886 2837 975 2900 nevis,
986 2853 1044 2906 qute
1054 2831 1088 2884 eb
1101 2833 1173 2902 Argo
1183 2835 1242 2902 ejus

183 2935 309 2987 reguum
327 2917 462 2970 Mummi«
476 2916 558 2987 γέρα
571 2919 598 2970 οὗ
608 2919 687 2988 χυμῖ.
734 2918 894 2970 fabricatore
914 2916 1050 2966 nominata
1073 2926 1126 2977 est,
1150 2911 1191 2963 vel
1210 2925 1241 2964 ut

223 2995 281 3048 152.
298 2996 469 3050 Tltesmlioeve
488 3000 566 3050 nives.
584 2999 649 3069 Reg.
669 3001 689 3050 B
735 2998 780 3050 elii
796 2996 830 3048 eb
843 2998 901 3064 ejut
913 2994 1069 3058 velocitate,
1081 2991 1241 3064 quamauti·

181 3073 279 3141 habet,
298 3075 475 3128 Pharsalioeve
493 3079 577 3138 niven
589 3081 654 3148 Re&
668 3077 689 3129 G
734 3079 780 3149 qui
792 3081 883 3146 Argon
899 3073 1072 3146 appellebant
1084 3095 1090 3125 :
1104 3071 1177 3144 apud
1190 3073 1241 3124 Pa·

182 3169 302 3208 uoetram
318 3155 380 3208 lect.
400 3157 447 3208 Eu.
465 3187 501 3198 --
520 3157 689 3211 Tleualioeve
733 3170 863 3230 gasaw
877 3153 1143 3228 diximus,oppidum
1153 3152 1240 3206 Thes·

182 3235 261 3288 nives.
275 3235 342 3286 Natu
358 3253 440 3306 quum
454 3247 557 3288 ruentes
573 3235 689 3289 Thessa·
734 3237 804 3291 salice
816 3234 1014 3288 fuitaedilieata.
1027 3236 1148 3286 Butrtnn.

181 3313 223 3365 liet
246 3311 384 3366 editissimi
409 3327 486 3382 suut,
506 3317 561 3367 fere
585 3335 690 3388 semper
773 3314 831 3386 ¹⁵7·
846 3315 906 3367 Hae
922 3314 1037 3378 veheret,
1044 3315 1171 3386 juvenem
1188 3311 1242 3393 Al-¹

182 3404 240 3444 toto
254 3409 324 3444 enno
339 3404 466 3462 teguntur
478 3393 591 3447 nivibus.
731 3395 806 3451 ciden
813 3432 822 3460 ‚
837 3405 862 3445 et
877 3392 975 3445 Thesea
992 3393 1053 3444 vidi.
1066 3393 1127 3444 Huc
1139 3391 1241 3443 veheret

221 3472 279 3538 154.
299 3472 440 3538 Armenta,
456 3482 482 3523 et
496 3475 596 3546 eampis
608 3487 687 3528 semet
731 3480 813 3549 Leng.
837 3477 916 3526 Leur.
935 3475 994 3525 Put.
1015 3477 1104 3525 Peter.
1129 3485 1156 3524 et
1177 3470 1239 3523 edd.

171 3553 318 3629 fluviisque
318 3551 422 3624 stipari.
435 3551 516 3625 llegg.
528 3557 580 3607 Bet
592 3555 613 3607 C
626 3573 688 3626 prte-
731 3567 795 3606 vett.
811 3553 849 3604 lta
860 3555 940 3604 etiem
954 3553 1014 3603 Nic.
1030 3553 1153 3604 Heinsius
1164 3549 1238 3602 lib.l.

182 3632 265 3698 bern,
280 3633 422 3699 Armenta,
444 3645 470 3685 et
491 3647 571 3687 semet
588 3636 688 3708 eampis
732 3635 823 3685 -Hic
835 3649 927 3683 versus
937 3634 964 3682 iu
977 3633 1040 3701 lleg.
1055 3631 1162 3683 Bdeeut
1175 3651 1182 3681 ε
1196 3629 1241 3680 ed·

173 3711 323 3788 fluviisque
330 3712 433 3786 superi.
451 3743 488 3752 --
498 3711 567 3765 Vide
579 3733 605 3784 p.
619 3714 686 3782 448,
732 3727 772 3765 est
782 3714 808 3763 in
818 3715 881 3784 Reg.
890 3712 920 3763 C.
933 3712 979 3762 Eu.
989 3712 1159 3762 -Juvenem
1167 3709 1241 3761 Alei-

183 3803 246 3841 tom.
260 3791 284 3855 l,
297 3790 361 3842 Stat.
377 3804 446 3844 nost.
457 3793 503 3844 Eu.
732 3796 790 3847 den.
800 3793 828 3845 ld
837 3791 1238 3858 est,HereulemabAleaeoevo.

219 3869 279 3922 155.
292 3871 404 3924 Insidias
414 3882 440 3923 et
451 3871 518 3924 bellu
527 3884 637 3944 parunt,
648 3885 687 3924 tu-
771 3874 829 3926 158.
841 3873 893 3925 Sed
901 3883 981 3925 taceo.
990 3870 1099 3925 Achillis
1109 3871 1239 3924 adventus

182 3949 297 4020 midique
317 3952 459 4003 minantur.
479 3955 542 4022 Reg.
559 3953 578 4002 B
593 3951 687 4020 hebet,
732 3971 880 4006 termonem
893 3953 1241 4028 interrumpit-diphye-

182 4027 374 4101 Insidiutqueet
386 4031 573 4104 deucalionem,
586 4031 687 4084 timide·
733 4033 801 4088 lidus
812 4035 925 4089 Nereida
939 4033 1037 4106 pallor.
1050 4035 1133 4103 Quasi
1145 4033 1239 4085 vulne·

183 4125 232 4178 que
239 4107 388 4172 minantur,·
395 4111 459 4182 Reg.
469 4111 490 4163 C
500 4125 617 4164 nostram
625 4113 685 4164 lect.
732 4128 781 4168 rut.
789 4115 881 4167 Thetis
889 4115 1016 4188 expalluit
1024 4116 1124 4166 incerte
1133 4111 1196 4185 quid
1205 4111 1238 4165 de

221 4184 279 4238 156,
296 4186 367 4240 Olim
380 4191 500 4262 equidem
514 4191 629 4264 Aequor,
642 4193 685 4264 pi·
732 4193 848 4264 flliojarn
859 4191 979 4246 dicturum
990 4206 1058 4244 esset
1070 4191 1178 4244 Chiron.
1190 4193 1238 4243 Eu.

184 4285 233 4320 met
254 4285 336 4339 quum
364 4269 488 4323 Thessala
511 4289 586 4342 reyes.
615 4272 686 4324 Olim
772 4273 1238 4345 159.1tleauerae.runeademree-
