3284 5162
611 504 753 568 LIBER
777 503 838 582 Xl.

1181 508 1247 598 369

249 634 305 696 Me
317 652 437 721 penes3
450 645 484 698 et
494 632 612 721 Superi
624 653 774 708 mecum,
788 634 967 723 Parcaeque
978 637 1170 722 nocentes),

249 743 298 808 Sis
310 739 394 807 lenis
406 741 526 822 cineri,
538 763 661 834 meque
673 739 745 808 haec
756 757 833 832 post
843 739 958 832 praelia
972 758 1107 834 raptum
1201 775 1250 828 190

249 850 407 934 alitibus,
420 851 581 945 fratrique
594 868 701 943 tegas,
715 875 868 945 urnaque
879 869 1040 945 reportes,

204 1105 348 1159 dementat.
369 1109 541 1160 Paratomos.
561 1109 709 1174 Homerus,

203 1186 277 1239 urae.
287 1194 321 1238 r.
332 1172 394 1262 'apl
409 1188 435 1236 r
445 1187 487 1238 u.
498 1187 571 1244 ..aa
581 1187 640 1253 tp,
651 1187 708 1238 m.

203 1264 237 1319 ad
244 1264 306 1333 lade,
316 1265 357 1318 ui
364 1268 456 1336 Maipa,
466 1267 506 1318 ui
514 1266 710 1338 rispeqeirtr'Epu·

204 1344 249 1400 rir-
269 1347 311 1398 Sic
328 1345 450 1417 plerique
466 1349 592 1398 Veterum
608 1346 707 1396 sentie-

203 1423 286 1490 bant,
300 1437 329 1475 ut
343 1424 418 1495 quod
429 1423 466 1476 illi
477 1443 526 1495 per
537 1443 565 1476 se
577 1425 707 1490 facerent,

204 1521 258 1554 non
270 1515 423 1554 vererentur
433 1504 483 1573 ipsi
495 1503 596 1575 numini
609 1502 707 1554 tribue·

204 1602 238 1635 re.
247 1581 470 1635 Siculamitatibus
479 1581 707 1649 conflictabantur,

205 1662 232 1715 id
245 1665 329 1715 Deum
346 1665 440 1715 fecisse
450 1662 589 1716 dicebant:
602 1663 707 1716 simale

204 1755 328 1814 agerent,
340 1762 395 1794 non
408 1761 450 1806 se,
464 1743 511 1794 sed
522 1745 591 1795 Deos
602 1745 708 1796 Parcas-

206 1841 257 1894 que
275 1835 458 1894 perpetrasse:
478 1822 548 1874 uude
568 1821 611 1874 illa
628 1821 706 1874 rerba

204 1895 312 1966 Dianae,
329 1899 401 1971 apud
412 1899 580 1971 Euripidem,
595 1899 627 1951 ad
638 1901 706 1952 The-

205 1998 289 2046 seum,
301 1999 381 2052 quum
390 1981 503 2046 inscius,
512 1984 614 2032 Venere
621 1981 656 2032 ita
665 1999 709 2031 vo·

204 2059 289 2128 lente,
299 2060 383 2112 lilium
392 2059 566 2132 Hippolytum
579 2059 709 2131 perdidis-

205 2155 261 2194 set:
272 2138 422 2209 'eriperem
432 2139 479 2208 γάρ
490 2140 553 2193 Oee'ir
563 2139 668 2194 tietmar
679 2141 708 2191 u'.

204 2219 243 2275 air
253 2215 436 2286 ifapeprainrr:
450 2220 625 2272 :Hominibus
633 2219 707 2286 licet,

204 2299 261 2351 Diis
272 2295 439 2362 auctoribus,
449 2315 571 2368 peccare.
582 2323 592 2345 ι
602 2299 663 2350 Nou
673 2313 708 2350 ta-

205 2394 266 2428 men
275 2377 514 2428 omnesVeteresin
523 2374 573 2426 hac
582 2377 708 2446 opinione

204 2455 286 2506 fuisse
294 2457 379 2507 Deum
389 2472 496 2506 causam
506 2453 635 2506 malorum
641 2473 708 2521 esse,

205 2554 237 2588 ex
252 2533 365 2586 Pindaro
383 2533 483 2585 clarum
502 2547 542 2584 est
561 2532 633 2604 apud
647 2534 708 2597 Clef

204 2629 321 2666 mentem
335 2612 543 2666 Alexandrinum
558 2613 654 2664 Strom.
669 2615 706 2664 V:

205 2691 259 2749 Zev'r
277 2689 409 2758 iqrpider,
429 2689 450 2748 le
469 2690 569 2743 airam
587 2691 705 2760 diferret,

205 2768 249 2822 etis
257 2769 329 2825 almer
339 2769 428 2825 dra-reis
435 2768 546 2835 papiam
556 2768 641 2835 ἇχΐων·
653 2768 707 2823 ἀλλ’

205 2851 229 2904 s'r
238 2849 304 2918 pioqr
314 2851 388 2903 nstra·
400 2851 472 2917 ιιιχιῖν
484 2850 707 2921 πὶσινίἰνθμὶποιω

205 2933 272 2984 diser
285 2928 362 2992 iriae,
376 2929 466 2996 a'yrrir,
481 2927 593 2994 Eo'rspr'ar
606 2928 707 2981 ἀιὸλου-

206 3009 257 3077 der,
267 3009 306 3060 καὶ
315 3011 413 3064 risorie
425 3007 531 3075 inrdor.
541 3009 642 3069 Ὀλβίαν
651 3008 709 3060 παῖ-

753 1108 874 1161 dioebam
898 1127 964 1181 eqo,
982 1109 1060 1163 dehet
1079 1129 1135 1165 esse
1153 1131 1205 1165 una
1222 1131 1255 1166 ex

753 1188 856 1259 legibus
876 1203 901 1242 et
918 1192 1054 1243 sententiis
1073 1210 1130 1263 qun
1149 1191 1183 1244 de
1197 1193 1255 1246 Diis

753 1282 828 1335 sunt,
839 1271 866 1320 in
883 1288 935 1342 qua
950 1283 1085 1340 oporteat,
1101 1286 1127 1324 et
1141 1273 1255 1344 scripto-

751 1345 1255 1420 resscrihere,etpoetasdicere,Deum

751 1444 806 1478 non
816 1444 873 1480 esse
882 1445 988 1480 causam
1001 1430 1133 1497 omnium,
1142 1429 1190 1482 sed
1198 1444 1255 1482 tan·

752 1517 806 1556 tum
820 1503 982 1557 bonorum·
1052 1511 1056 1522 '

791 1599 848 1652 ¹9⁰·
861 1585 901 1636 Sis
911 1583 974 1637 lenis
983 1585 1070 1636 cineri.
1081 1585 1189 1641 Veteres
1199 1607 1254 1640 ma-

752 1679 803 1733 gna
818 1680 880 1714 cura
895 1663 1058 1733 sepulturam
1072 1682 1145 1716 suam
1162 1669 1253 1720 amicis
1328 1718 1331 1724 ,

755 1754 800 1792 aut
815 1739 962 1794 haeredibus
974 1743 1210 1811 commendabant,
1223 1764 1255 1799 ao

753 1819 894 1872 sollemnia
918 1825 958 1873 sui
979 1823 1081 1874 funeris
1104 1823 1257 1894 prescribe-

753 1898 826 1950 bant.
836 1900 909 1970 Saepe
915 1899 1060 1968 jubebant,
1068 1913 1097 1950 ut
1107 1920 1204 1974 eorpus
1214 1923 1257 1956 su·

752 1999 796 2031 uro
808 1981 948 2050 inpatriam
959 1992 985 2030 et
995 1980 1117 2050 sepulcra
1125 1972 1256 2052 majorum

752 2060 922 2111 inferrentur.
935 2057 1051 2125 Quidam
1066 2075 1153 2112 tameo
1164 2061 1256 2132 sepul-

753 2152 839 2190 turam
848 2137 996 2208 neglexero,
1005 2138 1168 2212 utdeTydeo
1176 2141 1256 2194 refert

753 2220 832 2270 Poeta
845 2217 894 2270 sub
907 2218 984 2270 linem
997 2218 1042 2270 lib.
1055 2220 1163 2284 v111,v.
1175 2221 1235 2291 736.

792 2314 849 2366 19¹.
870 2296 1000 2362 Alitt'bus,
1017 2297 1149 2370 fratrique
1170 2312 1255 2372 teqas,
1316 2335 1320 2342 «

751 2395 869 2448 urnaque
882 2388 1000 2447 reportes.
1014 2378 1081 2428 Dan.
1098 2381 1183 2430 Petav.
1201 2380 1254 2431 Co-

753 2453 800 2506 lin.
811 2453 991 2524 Lindenbroq.
1003 2453 1124 2526 plerique
1137 2467 1163 2509 et
1171 2457 1255 2511 Amet.

753 2534 1254 2606 neqesumaquerepoaasrlsanglaur.

753 2609 851 2663 Buslid.
867 2623 893 2662 et
908 2612 1011 2662 Venett.
1026 2611 1059 2677 3,
1072 2613 1104 2679 4,
1118 2631 1194 2686 nepes
1209 2633 1256 2665 ur·

753 2710 837 2762 nuque
851 2702 976 2761 reporter,·
990 2690 1093 2742 Behott.
1110 2708 1133 2757 t,
1146 2711 1175 2757 a,
1189 2703 1255 2764 teqes

752 2787 869 2844 urnaque
881 2781 999 2842 reportes.
1011 2800 1044 2808 -
1056 2773 1136 2842 llegg.
1151 2772 1207 2824 Bet
1219 2776 1255 2842 C,

752 2869 896 2921 amantque
909 2861 1018 2922 reportes
1032 2849 1163 2904 exhibent.
1178 2855 1253 2906 Enrr.

750 2958 787 2969 -
802 2928 915 2981 attritus
924 2929 1056 3000 fratrique
1073 2940 1157 3002 teqas,
1171 2952 1254 2985 uma-

750 3030 801 3082 que
815 3023 931 3081 reportes.
949 3009 1058 3063 attritus
1069 3011 1201 3085 fratrique
1215 3027 1253 3068 te-

205 3088 256 3154 tu,
267 3085 286 3138 ei
295 3109 326 3142 ru
336 3087 433 3157 adpensa
443 3085 551 3142 orirerur.
565 3089 707 3159 «luppiter
749 3107 823 3160 qere,
835 3101 887 3152 est,
904 3087 937 3138 ab
952 3087 1058 3140 alitibus
1071 3102 1096 3141 et
1110 3091 1192 3144 fratre
1203 3093 1252 3146 de-

206 3169 260 3221 alte
277 3168 435 3236 dominans,
455 3171 500 3240 qui
514 3168 584 3220 ridet
601 3171 705 3232 omnia,
751 3164 875 3229 feudare,
889 3163 923 3216 ab
937 3165 1040 3216 illorum
1053 3169 1147 3237 injuria
1157 3170 1252 3242 prohi-

206 3267 261 3299 non
280 3261 320 3300 est
339 3266 419 3300 causa
439 3249 568 3300 malorum
588 3247 707 3300 mortali·
751 3243 830 3311 bere,
848 3259 874 3296 et
888 3257 971 3319 tepere
984 3246 1063 3297 etiam
1080 3247 1190 3301 verbum
1204 3252 1252 3302 fu-

204 3327 271 3391 bus;
283 3329 329 3382 sed
343 3331 369 3380 in
383 3327 470 3380 medio
483 3331 644 3400 proponitur
657 3327 707 3379 ho·
751 3323 842 3375 nebre.
856 3324 947 3394 Virgil.
960 3323 1062 3378 AEneitl.
1076 3325 1127 3392 Vl,
1141 3347 1165 3378 v.
1184 3331 1251 3383 228:

107 3401 111 3416 '
204 3407 707 3479 minibusomnibus,utapprehendant
754 3404 1252 3475 ·OssaqneleotacpdotexitCorinteos

202 3488 331 3558 J'ustitiam
349 3500 466 3538 sanctam
483 3500 596 3552 eostam,
616 3489 707 3538 Eunu·
752 3483 872 3536 aheno.»
894 3487 951 3536 Nee
969 3485 1055 3538 minus
1075 3489 1251 3558 exquisitum,

206 3570 263 3619 mite
280 3569 423 3633 comitem,
444 3581 468 3619 et
487 3565 621 3619 Themidis
640 3587 706 3637 pru·
751 3582 793 3614 me
807 3573 917 3636 reportes
927 3581 1020 3615 urnam
1027 3601 1036 3629 ,
1049 3563 1100 3616 hoo
1113 3582 1166 3632 est,
1178 3585 1252 3624 meos

206 3647 303 3700 dentis.
318 3645 443 3699 Felicium
461 3646 551 3711 liberi,
571 3649 615 3719 qui
633 3647 706 3699 illam
751 3644 866 3708 cineres,
877 3641 1065 3713 relliquiasque
1074 3646 1102 3695 in
1112 3664 1191 3712 urna,
1202 3667 1253 3719 per

205 3728 362 3778 invenerunt
370 3743 459 3777 secum
470 3722 642 3776 habitantem.
651 3749 662 3771 n
674 3729 707 3778 Er
751 3723 939 3793 metonymiam
954 3724 1123 3775 continentis.
1137 3723 1251 3778 Martial.

206 3804 279 3878 apud
295 3805 430 3856 Platonem
445 3805 477 3856 de
495 3807 560 3875 llep.
578 3808 601 3857 ll
610 3827 616 3854 ε
631 3799 706 3862 Οὗτος
751 3802 805 3866 IX,
827 3801 877 3872 Ep-
901 3817 952 3870 77,
973 3818 1007 3870 7:
1033 3801 1252 3875 ·Absentemque

203 3883 248 3952 pir
263 3885 337 3937 miror
351 3883 391 3953 (riv
406 3879 433 3936 dl
447 3881 509 3954 lyei)
527 3877 557 3940 u‘r
569 3881 597 3937 eir
614 3883 645 3936 tir
661 3884 706 3938 τοῖν
751 3885 818 3952 patri
829 3882 928 3934 rettulit
938 3901 1006 3934 urna
1018 3901 1120 3953 rogum.
1132 3907 1143 3932 n
1155 3886 1254 3939 Noster

205 3963 259 4034 rapi
273 3963 337 4019 leode
351 3962 423 4028 viper
439 3983 464 4016 rr
481 3962 521 4014 sei
537 3961 630 4026 τόποι,
650 3963 672 4016 ir
689 3957 708 4031 ,l
750 3961 835 4013 Theb.
845 3965 916 4028 Vlll,
932 3982 956 4014 r.
974 3962 1038 4026 113,
1056 3981 1126 4014 nnec
1138 3967 1251 4016 attonito

205 4041 280 4096 duim
296 4042 350 4098 rods
367 4041 478 4108 tipum
493 4041 580 4108 simu,
597 4041 636 4094 sal
654 4043 705 4099 rede
752 4041 844 4093 saltem
855 4044 921 4094 cinis
929 4042 973 4094 ibo
985 4041 1252 4113 parenti-Quaedam

205 4125 329 4180 essetnec
340 4125 425 4184 saurir,
436 4123 470 4190 pri
482 4123 576 4178 πάντων
587 4124 658 4178 αἴτιοι
668 4124 707 4178 eir
753 4123 882 4177 editiones
892 4125 1003 4178 habent:
1013 4144 1098 4198 nepes,
1110 4144 1253 4199 urnamque

206 4205 268 4266 Θεὸν,
281 4203 346 4256 irtel
358 4205 403 4257 mir
416 4203 528 4270 &yster-
544 4204 610 4258 «llla
620 4208 707 4277 igitur,
753 4223 867 4276 reponas.

1069 4304 1110 4380 24

301 4296 366 4361 III.
