3194 5156
571 509 714 575 mum
738 506 787 573 11.
1141 507 1211 599 ⁵93

204 647 267 712 Hic
278 641 415 712 Ithacus
428 639 582 734 paullum
595 639 737 733 repetito
748 635 881 730 longius
894 659 975 705 orsu
989 665 996 704 :
1023 629 1024 634 ’
1157 651 1211 704 335

207 762 351 824 «Fertur
361 756 397 820 in
412 754 594 832 Hectorea,
607 753 636 818 oi
647 748 729 818 talia
739 745 924 832 credimus,
937 771 996 816 om

203 869 339 937 Electus
352 866 469 933 formae
481 863 666 931 certamina
679 858 810 928 solvere
825 873 940 952 pastor

203 978 268 1050 Soli
273 981 366 1047 icitas
378 977 526 1044 tenuisse
537 977 642 1054 Deae,
655 995 720 1040 nec
731 986 827 1038 torva
837 972 999 1037 Minervae¹

203 1092 286 1173 Ora,
299 1111 363 1176 nec
375 1084 512 1154 aethecei
523 1085 649 1152 sociam
661 1084 817 1160 rectoris,
829 1081 939 1148 amico

202 1196 436 1280 Lumine‚sed
448 1195 556 1264 solam
567 1195 710 1262 nimium
723 1191 845 1260 vidisse
856 1194 998 1260 Dionen.
1158 1204 1210 1272 340

204 1319 314 1407 Atque
326 1308 411 1377 adeo
424 1306 465 1374 lis
477 1307 541 1374 ista
552 1307 619 1373 tuis
635 1316 750 1373 exorta
762 1300 826 1371 sub
838 1301 942 1369 antiis

205 1421 355 1492 Concilio
367 1422 551 1510 Superum,
563 1415 647 1484 dum
661 1411 759 1481 Pelea
770 1411 870 1484 dulce
881 1413 1026 1478 maritat·

204 1536 334 1618 Pelium
351 1552 386 1604 et
396 1534 520 1602 nostris
530 1528 601 1624 jam
612 1543 695 1596 tunc
709 1527 917 1621 promittetis
931 1526 1043 1592 armis.

195 1745 256 1801 33⁵.
269 1745 320 1798 Hic
334 1740 439 1797 Ithacus
451 1739 576 1814 paullum
592 1755 663 1810 repe·
707 1733 827 1788 habitum
849 1751 926 1798 csse,
950 1751 982 1785 uc
1006 1749 1088 1803 porro
1111 1731 1179 1786 fore.
1201 1755 1211 1778 ιι

79 1820 83 1831 ’
160 1829 207 1881 tito
220 1824 323 1898 lonqiut
336 1841 404 1876 orsu.
416 1824 447 1873 ln
461 1818 662 1891 R05.Blegas,
707 1811 792 1867 Plaut.
811 1810 965 1866 Menoechm.
984 1811 1215 1880 lV,u‚11:·Qui

157 1911 210 1962 Hic
221 1908 326 1962 Ithacus
337 1904 452 1978 paulum
467 1901 585 1972 repetitos
602 1898 663 1952 lon·
707 1912 795 1966 nequa
804 1893 889 1967 leges,
902 1911 989 1966 neque
999 1909 1104 1964 oequum
1113 1887 1215 1945 bonnm

154 1988 214 2060 qius
225 2000 292 2040 ortu.
306 1986 353 2037 Eu.
709 1989 821 2047 utquam
832 1975 934 2040 colunt,
948 1971 1077 2026 sollicitos
1086 1986 1215 2046 patronos

194 2065 255 2122 336.
270 2066 360 2117 Fertur
370 2062 398 2113 t'u
408 2061 550 2124 Hectorea,
565 2059 587 2111 si
599 2054 664 2108 talia
708 2053 841 2108 habenta
859 2056 921 2106 Ter.
938 2054 987 2120 ut,
1005 2069 1036 2118 t,
1051 2050 1080 2106 51
1097 2053 1213 2105 :Heauc

156 2147 300 2212 credimus,
321 2161 377 2195 ora.
396 2141 489 2193 Fertur
508 2139 534 2189 in
553 2136 664 2189 utkerca
711 2133 1214 2194 ulielcvidolia·omnia,omnesseriae;

156 2227 220 2279 Exc.
235 2227 312 2296 Burg.
324 2251 360 2264 ·-
371 2221 436 2291 Reg.
449 2221 470 2271 B
480 2217 576 2282 hahet,
586 2213 609 2267 st
623 2227 664 2267 ta·
710 2231 802 2266 omnes
818 2211 947 2264 sollicitos
965 2207 1056 2264 habui.
1067 2232 1080 2258 ι
1093 2209 1213 2263 Gnouov.

155 2307 195 2359 lia
205 2305 345 2370 credimus,
355 2299 412 2352 lda.
421 2299 469 2350 Eu.
482 2325 517 2336 -
526 2294 661 2348 Hectorea.
744 2292 805 2362 339.
816 2289 934 2344 AEtltcrei
942 2287 1039 2344 socium
1045 2288 1159 2342 cocturis.
1167 2291 1216 2342 Ju-

155 2385 187 2440 ld
201 2400 254 2452 est,
268 2385 395 2458 Phrygia,
416 2381 454 2432 sic
469 2377 543 2430 dictu
557 2375 591 2428 ub
610 2376 664 2428 Hu-
709 2390 817 2425 nonem.

153 2481 230 2521 ctore
243 2467 339 2519 Priami
351 2463 419 2533 regis
432 2457 548 2532 Phrygio
560 2455 624 2508 filio.
743 2451 804 2518 340.
814 2450 1217 2519 Dionen.Veneccm,cujucma·

188 2531 665 2618 337.Electttsfonuoecertizminasol·
710 2547 750 2586 tec
762 2531 849 2586 Dione
856 2531 984 2584 Homero.
998 2531 1062 2601 lpca
1073 2529 1160 2582 Dione
1169 2548 1217 2581 vo·

157 2645 217 2682 uere
225 2635 322 2697 pastor.
333 2619 438 2675 Solvere
446 2635 495 2689 pro
509 2615 545 2668 ad
557 2612 661 2668 solven-
710 2623 786 2664 cntur
795 2606 1108 2684 apoetia.StatiusThcb.
1117 2609 1139 2674 1,
1148 2607 1212 2662 288:

155 2710 228 2764 dunc
240 2737 274 2746 —
286 2707 386 2758 Pastor.
398 2697 532 2753 Invidiosa
541 2694 662 2748 Paridem
711 2693 815 2746 -uutu
840 2711 920 2764 cuper
942 2690 1042 2742 Thebis
1063 2689 1215 2755 Bacchum,

155 2803 235 2845 vocat
249 2796 397 2861 pastorum,
415 2781 476 2852 quia
489 2779 559 2831 iuter
570 2789 663 2849 pasto-
709 2791 887 2844 ausuramque
898 2771 1003 2823 Dionen
1013 2769 1117 2822 Dicere.
1128 2792 1139 2816 ι
1150 2770 1215 2822 Ovi-

156 2889 200 2926 ret
212 2869 338 2924 educatus
353 2864 450 2914 luerat.
463 2858 560 2928 Tangit
573 2869 662 2908 autem
707 2852 768 2905 dius
780 2854 826 2904 oF.
838 2855 876 2918 V,
888 2851 949 2903 310.
966 2848 1130 2922 «Hippolyte
1144 2851 1214 2902 inic-

156 2951 295 3012 fnbulnm‚
310 2963 363 3019 qua
378 2940 512 3015 produnt,
531 2954 663 2989 convoca·
707 2933 760 2999 lix,
773 2930 855 2986 velles
874 2929 988 2984 coluisse
1007 2929 1129 2997 Dionen,
1143 2930 1214 2982 Dum

156 3038 192 3088 tis
216 3031 249 3086 ad
269 3026 382 3099 Nuptias
402 3018 522 3074 Thetidis
547 3029 574 3069 et
591 3014 663 3068 Pelci
709 3012 883 3064 consternatis
894 3009 1045 3081 diripereris
1056 3010 1162 3080 equis.-

157 3112 282 3169 omnibus
302 3108 360 3161 Diis
382 3100 558 3171 Duabusque,
579 3095 663 3148 colam
744 3090 900 3164 iliumque
908 3088 972 3142 adeo
983 3087 1015 3142 Iit
1026 3087 1073 3141 ista
1084 3087 1139 3141 tuis.
1149 3089 1214 3162 Reg.

155 3191 324 3248 Discordiam
337 3184 462 3239 omissam
478 3179 570 3231 fuisse.
585 3174 663 3229 Unde
708 3168 834 3236 Rhabo,
847 3169 880 3222 tts
893 3165 941 3220 itta
954 3168 1011 3219 tuis.
1026 3168 1073 3220 En.
1090 3195 1127 3205 ·-
1142 3167 1214 3222 Adeo

156 3278 251 3328 iratum
269 3265 414 3341 projecisse
432 3263 502 3313 iuter
523 3253 662 3328 epulantes
709 3248 741 3302 lit
753 3251 800 3304 itta
818 3249 875 3302 tuis.
889 3250 975 3318 llujue
990 3259 1096 3311 autem,
1111 3248 1213 3319 inquit,

154 3370 267 3428 pomum
280 3349 323 3400 cui
338 3343 494 3412 inscriptum
511 3347 583 3400 erut,
597 3332 662 3405 pul·
709 3328 848 3382 discordiae
857 3328 1002 3380 interDens
1015 3339 1164 3380 cautaorta
1175 3341 1215 3380 est

154 3431 253 3485 Διήοη·
267 3427 347 3480 detur.
361 3418 501 3486 Hiuc20rta
513 3413 662 3466 contentio·
708 3411 734 3462 in
754 3413 853 3483 nuptiis
867 3411 950 3482 patris
962 3409 1021 3474 tui,
1041 3407 1088 3460 ubi
1097 3427 1214 3480 pomum

155 3529 191 3563 na
213 3507 247 3560 de
269 3497 467 3578 pulchritudine
488 3496 557 3547 inter
573 3493 661 3542 Juno·
709 3503 834 3556 anteum,
845 3503 873 3542 nt
888 3489 1054 3555 dictumest,
1068 3489 1214 3544 intcheat

156 3609 236 3654 nem,
250 3589 409 3646 Minervam,
423 3589 450 3630 et
460 3577 604 3636 Venerem,
618 3587 662 3621 eas
708 3568 1061 3640 discumbenteapcojectum
1071 3567 1122 3619 fuit
1132 3569 1215 3620 aDis·

155 3670 224 3721 Jove
241 3665 364 3719 remissas
380 3658 462 3710 fuisse
480 3650 515 3705 ad
532 3647 663 3721 judicium
709 3650 808 3703 cordia.
821 3653 943 3702 Butmuc.

156 3745 278 3811 Paridis,
302 3743 346 3815 qui
367 3733 514 3791 secundum
532 3730 662 3780 Venerem
744 3730 805 3797 342.
815 3727 907 3781 Dulce.
919 3726 1093 3780 Aduerbium.

154 3827 298 3901 judicavit,
309 3821 440 3895 promissa
453 3813 503 3868 tibi
514 3808 625 3863 Heleno.
744 3808 805 3875 343.
824 3809 856 3860 Ρ.
872 3824 894 3857 e.
910 3824 935 3856 n.
947 3807 1008 3876 jam
1022 3814 1085 3856 tuum
1100 3805 1214 3875 promit.

195 3907 256 3962 338.
267 3901 399 3958 Sollicitas
407 3895 515 3949 tenuisse
524 3891 598 3944 Deua.
609 3887 666 3940 Sol·
711 3888 770 3942 teris
789 3888 874 3938 annis.
896 3883 944 3936 Ed.
965 3896 1027 3936 vett.
1045 3885 1107 3955 jam
1123 3901 1213 3950 nuuc,

158 3988 244 4043 licitas
253 3982 369 4036 habuisse
378 3992 470 4047 margo
480 3971 522 4024 ed.
532 3966 620 4022 Barth.
632 3985 664 4018 cx
707 3967 860 4020 Bemartiut
880 3983 912 4017 ex
935 3965 1018 4017 ceteri
1037 3961 1132 4016 codice
1152 3981 1215 4016 cor·

158 4065 241 4120 codd.
252 4092 289 4104 -
299 4059 378 4113 Liber
390 4053 465 4108 haud
480 4046 662 4123 spernendus:
710 4047 782 4101 rexit.
801 4077 837 4088 -
853 4046 889 4097 Et
904 4045 1061 4116 nustrisjam
1073 4054 1135 4095 tunc
1149 4060 1213 4115 pro-

158 4147 295 4203 Sollicitas
306 4140 421 4193 latuisse
430 4136 506 4189 Deus.
516 4130 583 4184 Cato
592 4131 619 4181 in
629 4128 662 4178 ic.
709 4125 819 4179 mitteris
828 4124 915 4177 attuit.
926 4119 1060 4188 Catullus,
1073 4119 1138 4172 dum
1147 4122 1213 4173 iacit

161 4251 175 4276 ι
189 4229 234 4281 Me
248 4223 407 4286 sollicitum,
422 4228 503 4288 atquc
520 4209 665 4265 exercitum
709 4201 914 4278 Epithalamium
941 4202 968 4253 in
992 4199 1101 4272 Nuptiia
1123 4197 1213 4267 Pelei,

254 4316 319 4382 III.
1027 4291 1069 4359 38
