3194 5156
375 563 441 670 586
593 563 627 627 P.
655 563 690 626 P.
717 559 872 628 STATII
897 558 1231 628 AGlllLLElDOS

418 686 1458 784 Quidprecer‚heu‚timeamvepriusi'quidvcanxiamandem,

418 807 481 873 Cui
492 805 548 872 vix
559 801 642 872 flere
653 805 769 870 vacat?
779 799 883 870 modo
896 816 930 869 te
943 823 1096 896 nonuua
1102 797 1278 895 deditque,

421 913 612 1011 lnviditque
624 913 718 982 mihi.
732 912 905 984 Thalamis
917 913 991 982 haec
1002 931 1156 1007 tempora
1168 916 1311 982 nostris?

421 1031 528 1097 Hicne
540 1043 592 1096 est
603 1027 689 1096 liber
701 1031 887 1120 Hymenlo
901 1025 1012 1096 dulcio
1025 1025 1131 1109 lirrta,
1145 1015 1298 1120 dolique,

421 1143 577 1208 Otimori
594 1141 733 1232 eripitur
744 1141 877 1206 miserm
888 1139 1073 1232 permissus
1086 1135 1242 1206 Achillea.
1378 1147 1433 1201 26⁵

421 1256 454 1333 1,
468 1253 681 1346 nequeenim
695 1266 804 1317 tantos
815 1251 926 1316 ausim
938 1271 1097 1318 revocare
1108 1264 1263 1342 paramo,
1327 1339 1330 1346 .

422 1364 454 1442 l,
470 1377 606 1442 cautus,
620 1383 682 1428 neo
693 1383 780 1427 vana
791 1359 916 1428 Thetin
929 1361 1081 1428 timuisse
1092 1375 1273 1426 memento.

422 1473 435 1534 l
449 1468 543 1552 felix,
557 1485 741 1562 nosterque
754 1465 825 1536 redi
839 1493 847 1534 ε
860 1469 961 1536 nimia
972 1464 1128 1562 improba
1140 1489 1253 1559 poeno.

419 1583 497 1646 Jam
508 1595 541 1646 te
556 1577 758 1672 spectabunt
770 1578 915 1646 lacrimis
926 1577 1134 1672 planctuque
1145 1574 1279 1646 decorae

423 1689 591 1776 Troades,
605 1689 838 1785 optabuntque
852 1692 919 1760 tuis
933 1688 1015 1758 dare
1031 1689 1118 1760 colla
1131 1687 1281 1772 lacertis,
1378 1718 1434 1772 ²70

375 1981 411 1994 --
428 1954 550 2006 latebrae.
569 1953 650 2022 Quod
670 1952 740 2008 nolle
761 1973 880 2028 unquam
923 1954 1040 2010 Achilles
1052 1955 1161 2009 habenta
1175 1955 1222 2006 En.
1233 1953 1433 2008 -Permteue

375 2036 429 2086 mei
443 2035 606 2102 meminisse,
624 2035 695 2106 apud
716 2053 793 2108 quam
806 2053 879 2088 more
924 2035 954 2087 ld
970 2051 1028 2102 est,
1046 2050 1190 2108 postquam
1208 2047 1298 2087 sancte
1318 2047 1344 2086 et
1357 2036 1434 2104 juste

375 2111 506 2166 muliebri
524 2112 649 2178 latuerit,
672 2125 800 2185 tanquam
826 2112 879 2164 hoc
924 2113 970 2166 illo
982 2116 1033 2168 irai
1046 2131 1203 2168 concauam
1216 2127 1264 2165 eat.

375 2192 459 2246 (lucca
473 2191 521 2245 tibi
536 2192 670 2246 dedecori.
688 2196 842 2246 Marcam.
961 2195 1021 2265 267.
1032 2195 1157 2248 umuiee
1166 2205 1306 2246 memento.
1317 2193 1388 2244 Nam
1399 2193 1435 2246 de

412 2275 473 2326 261.
488 2272 557 2344 Quid
564 2291 661 2346 precer,
670 2273 730 2338 lieu,
743 2275 881 2326 timeamve
924 2270 1009 2324 talute
1028 2273 1075 2326 lilii
1094 2287 1205 2326 matrem
1225 2275 1306 2326 fuieee
1322 2276 1432 2326 anxiam

372 2353 461 2424 prius?
469 2351 563 2426 quidve
574 2354 654 2403 anxia
665 2352 808 2404 mandem?
821 2351 881 2402 Heu
925 2365 1035 2404 teatatut
1043 2355 1171 2406 eatl‘oeta
1179 2353 1317 2424 superine:
1330 2353 1434 2403 ellam-

373 2433 482 2504 precor?
503 2431 553 2482 lieu
572 2432 712 2482 timeamne
734 2431 793 2484 edd.
817 2443 879 2482 vett.
926 2431 1069 2503 quemodo
1081 2429 1434 2485 lnieneoeuteromilricon-

413 2510 473 2564 a6t.
492 2510 539 2562 Cui
553 2511 596 2560 oia
605 2511 672 2586 flere
686 2513 778 2562 vacat?
791 2511 821 2562 ln
835 2511 881 2561 iie·
926 2526 1101 2579 tuor-entes,
1123 2515 1200 2566 Nunc
1220 2513 1329 2584 planetu
1350 2511 1434 2564 livere

376 2587 436 2642 dem
446 2591 507 2640 Exc.
515 2589 584 2666 flere
595 2587 662 2641 litet.
925 2612 1036 2661 manue,
1054 2594 1135 2646 modo
1154 2597 1181 2644 in
1197 2593 1277 2646 obera
1292 2609 1373 2646 aevae
1391 2593 1434 2644 lre

412 2669 472 2721 263.
499 2666 636 2720 Thalamis
662 2671 762 2720 naalma.
786 2667 817 2720 ld
842 2680 882 2721 eet
925 2675 1162 2725 ferae.·Bnr'ranu.

375 2749 545 2802 matrimonio
553 2747 881 2801 nostruNemThalamue
962 2750 1022 2805 268.
1037 2753 1060 2804 1.
1071 2752 1097 2822 f.
1117 2769 1162 2823 aq.
1177 2769 1197 2802 r.
1215 2750 1294 2803 nimir
1312 2749 1434 2822 improba

375 2828 486 2900 proprie
500 2825 597 2878 dicitur
612 2843 687 2878 nora
701 2839 790 2897 nuptae
805 2825 882 2898 cubi·
923 2849 1008 2905 parco.
1023 2830 1147 2883 Bartlaiue
1163 2829 1255 2882 malit:
1273 2831 1325 2882 nisi
1340 2831 1362 2882 ti
1381 2831 1435 2881 im-

376 2907 607 2960 columnarum.
924 2911 1014 2985 praba.
1036 2939 1073 2950 —
1099 2910 1230 2980 Improba.
1261 2909 1434 2961 insanabilia.

412 2985 472 3052 afli.
485 2984 571 3039 Hicne
580 2995 617 3038 eet
629 2984 818 3054 liberHymea.
829 2983 881 3037 Hic
925 2991 1028 3042 Morem
1045 3006 1077 3040 ac
1089 2986 1172 3040 decus
1189 2985 1316 3038 muliebre
1331 2987 1436 3057 optime

376 3067 435 3118 eine
455 3065 521 3118 b'ber
539 3064 619 3117 codd·
634 3063 831 3134 bindenbrosli·
846 3091 882 3104 -·
926 3083 1027 3138 servat,
1038 3070 1115 3142 quasi
1125 3067 1211 3133 dicat,
1222 3065 1358 3138 scioquod
1367 3079 1436 3136 peto

376 3147 462 3199 Hiera
478 3158 513 3200 est
528 3146 592 3200 liber
607 3146 722 3217 Hymen.
739 3146 822 3214 Quaei
840 3144 882 3195 di·
926 3151 1004 3202 nimie
1025 3165 1134 3220 magna,
1155 3149 1281 3220 quoniam
1302 3145 1436 3198 videbunt

376 3239 434 3293 cat,
445 3225 640 3278 matrimonium
651 3224 758 3297 quidem
769 3223 881 3276 liberum
928 3241 952 3280 te
966 3228 1016 3280 itte
1032 3229 1166 3297 Troianae,
1178 3240 1206 3279 et
1223 3227 1348 3298 cupient3
1362 3239 1391 3278 et
1405 3240 1435 3276 tu

376 3305 520 3358 nobienon
531 3319 584 3370 eet,
595 3323 677 3378 quam
687 3323 740 3356 nou
749 3305 882 3356 liceatno·
926 3309 1008 3361 iacies
1021 3319 1179 3380 potestatem
1189 3309 1228 3359 tui
1241 3327 1248 3357 ε
1266 3304 1338 3357 uude
1354 3307 1437 3357 nimie

376 3383 418 3437 bie
432 3385 486 3435 frui
498 3401 539 3435 eo.
553 3385 622 3435 Nam
635 3385 747 3456 Hymen,
759 3385 813 3437 eive
830 3383 892 3454 ΗΓ,
926 3388 1048 3460 improba
1060 3405 1144 3460 posca
1155 3425 1164 3453 ‚
1174 3404 1257 3458 quum
1264 3386 1343 3438 velim
1355 3399 1381 3439 te
1393 3405 1437 3438 re-

376 3483 484 3521 meneua
502 3463 573 3536 apud
586 3465 711 3538 antiquae
728 3465 882 3536 nuptiarum
925 3469 991 3520 verti
1007 3483 1105 3518 meum.
1117 3467 1272 3518 Mirantur.

375 3547 448 3599 Deue
460 3545 626 3610 hebebatur,
644 3547 720 3617 inque
736 3548 763 3597 iu
780 3545 881 3616 nuptiis
963 3547 1023 3616 269.
1040 3547 1099 3598 dam
1119 3546 1315 3617 respectabant.
1333 3543 1438 3614 Regu

376 3625 559 3678 invocabatur.
572 3624 699 3690 Ovidius,
715 3625 745 3676 ll.
762 3627 814 3690 vt.
830 3625 880 3693 iia
926 3624 1024 3692 habet,
1039 3627 1101 3676 Jam
1117 3635 1140 3676 te
1155 3625 1309 3696 rpembontr
1327 3625 1395 3694 fleg.
1416 3625 1440 3676 G

380 3707 501 3773 «attuit,
516 3719 542 3758 et
554 3708 630 3759 tertie
643 3719 764 3777 tempora
780 3709 882 3759 vinctae
927 3719 1047 3757 noctram
1060 3704 1121 3755 leet.
1135 3705 1182 3755 Eo.
1197 3733 1233 3744 -
1250 3697 1376 3756 lammis
1393 3703 1442 3754 de-

376 3784 883 3858 Hymen.=-0dulciafinta.bccla-
927 3803 1000 3838 caree.
1030 3785 1096 3853 Quae
1122 3781 1301 3854 pulchriorem
1329 3783 1441 3834 faciunt

377 3867 459 3916 matio
468 3865 569 3930 Poetae,
584 3867 660 3934 quasi
673 3868 716 3935 qui
729 3867 884 3917 misereatur
927 3863 1193 3926 mulierem‚lacrimae
1202 3864 1289 3915 iecere
1298 3861 1438 3914 decorem.

378 3945 475 3995 amorio
500 3941 604 4014 puello.
624 3972 660 3982 -
682 3943 778 3996 Dulcia
796 3943 881 4014 faena.
964 3959 1024 4014 ²7⁰·
1042 3943 1072 3996 T.
1087 3941 1257 4014 a.q.t.dare
1270 3939 1443 3994 cultatem-

377 4020 475 4074 Dulces
491 4021 658 4074 concubitus.
675 4024 797 4075 Burcana.
928 4025 968 4077 tir.
979 4025 1007 4074 lo
1018 4041 1073 4084 uno
1085 4022 1178 4075 codice
1191 4020 1279 4074 liar-th.
1295 4033 1325 4072 ut
1337 4034 1363 4073 et
1374 4022 1443 4072 la'n-

414 4101 474 4156 265.
501 4103 642 4156 O'dmorl
663 4102 773 4174 eripitur
788 4104 885 4157 misera
930 4103 1116 4174 denhrogianie
1136 4125 1142 4155 ι
1161 4101 1240 4156 cotta
1253 4101 1380 4154 cathenis.
1402 4131 1443 4141 ·-

376 4183 514 4254 permissus
521 4181 646 4235 Achilles.
660 4183 740 4253 liegg.
751 4182 886 4248 Becco
929 4187 993 4255 Reg.
1012 4187 1030 4236 B
1046 4181 1142 4248 habet,
1157 4181 1219 4235 dare
1233 4179 1305 4234 eolla
1322 4183 1444 4240 munis,-

378 4263 473 4328 timor,
491 4261 624 4333 abripitur.
640 4263 740 4316 misera
747 4263 885 4334 parturiatur
930 4265 995 4334 Ποῦ,
1006 4265 1028 4316 C
1038 4273 1155 4316 nostram
1168 4262 1228 4315 lect.
1240 4263 1287 4313 Eu.
1306 4293 1310 4302 ·
