<?xml version="1.0" encoding="UTF-8"?>
<!DOCTYPE html PUBLIC "-//W3C//DTD XHTML 1.0 Transitional//EN"
    "http://www.w3.org/TR/xhtml1/DTD/xhtml1-transitional.dtd">
<html xmlns="http://www.w3.org/1999/xhtml" xml:lang="en" lang="en">
 <head>
  <title>
</title>
<meta http-equiv="Content-Type" content="text/html;charset=utf-8" />
  <meta name='ocr-system' content='tesseract 3.04.00' />
  <meta name='ocr-capabilities' content='ocr_page ocr_carea ocr_par ocr_line ocrx_word'/>
</head>
<body>
  <div class='ocr_page' id='page_1' title='image "./libriquinquesil00statgoog_0280.png"; bbox 0 0 3272 5166; ppageno 0'>
   <div class='ocr_carea' id='block_1_1' title="bbox 587 503 1208 596">
    <p class='ocr_par' dir='ltr' id='par_1_1' title="bbox 587 503 1208 596">
     <span class='ocr_line' id='line_1_1' title="bbox 587 503 1208 596; baseline 0.013 -30"><span class='ocrx_word' id='word_1_1' title='bbox 587 503 728 568; x_wconf 87' lang='lat' dir='ltr'>LIBER</span> <span class='ocrx_word' id='word_1_2' title='bbox 751 505 791 568; x_wconf 85' lang='lat' dir='ltr'>X.</span> <span class='ocrx_word' id='word_1_3' title='bbox 1145 530 1208 596; x_wconf 84' lang='lat'>²7¹</span> 
     </span>
    </p>
   </div>
   <div class='ocr_carea' id='block_1_2' title="bbox 133 628 1262 2278">
    <p class='ocr_par' dir='ltr' id='par_1_2' title="bbox 133 628 1262 2278">
     <span class='ocr_line' id='line_1_2' title="bbox 216 628 1138 724; baseline 0.002 -26"><span class='ocrx_word' id='word_1_4' title='bbox 216 630 381 724; x_wconf 80' lang='lat' dir='ltr'>Explicat,</span> <span class='ocrx_word' id='word_1_5' title='bbox 394 644 427 696; x_wconf 84' lang='lat' dir='ltr'>st</span> <span class='ocrx_word' id='word_1_6' title='bbox 438 628 574 722; x_wconf 87' lang='lat' dir='ltr'>penitus</span> <span class='ocrx_word' id='word_1_7' title='bbox 586 651 790 722; x_wconf 89' lang='lat' dir='ltr'>quacunque</span> <span class='ocrx_word' id='word_1_8' title='bbox 801 628 995 722; x_wconf 77' lang='lat' dir='ltr'><strong>supervolat</strong></span> <span class='ocrx_word' id='word_1_9' title='bbox 1005 629 1138 714; x_wconf 84' lang='lat' dir='ltr'>orbem,</span> 
     </span>
     <span class='ocr_line' id='line_1_3' title="bbox 215 738 1128 835; baseline 0 -23"><span class='ocrx_word' id='word_1_10' title='bbox 215 741 389 835; x_wconf 77' lang='lat' dir='ltr'>languida</span> <span class='ocrx_word' id='word_1_11' title='bbox 402 741 443 812; x_wconf 89' lang='lat' dir='ltr'>de</span> <span class='ocrx_word' id='word_1_12' title='bbox 455 738 602 834; x_wconf 90' lang='lat' dir='ltr'>scopulis</span> <span class='ocrx_word' id='word_1_13' title='bbox 615 738 730 808; x_wconf 91' lang='lat' dir='ltr'>sidunt</span> <span class='ocrx_word' id='word_1_14' title='bbox 741 741 827 810; x_wconf 86' lang='lat' dir='ltr'>freta</span> <span class='ocrx_word' id='word_1_15' title='bbox 837 793 846 823; x_wconf 93' lang='lat'>,</span> <span class='ocrx_word' id='word_1_16' title='bbox 858 743 986 834; x_wconf 75' lang='lat' dir='ltr'>pigrius</span> <span class='ocrx_word' id='word_1_17' title='bbox 998 743 1128 815; x_wconf 82' lang='lat' dir='ltr'>haerent</span> 
     </span>
     <span class='ocr_line' id='line_1_4' title="bbox 216 851 1016 937; baseline 0 -16"><span class='ocrx_word' id='word_1_18' title='bbox 216 853 353 937; x_wconf 83' lang='lat' dir='ltr'><strong>Nubila,</strong></span> <span class='ocrx_word' id='word_1_19' title='bbox 366 852 550 922; x_wconf 88' lang='lat' dir='ltr'>demittunt</span> <span class='ocrx_word' id='word_1_20' title='bbox 562 865 710 920; x_wconf 85' lang='lat' dir='ltr'>extrema</span> <span class='ocrx_word' id='word_1_21' title='bbox 722 853 897 920; x_wconf 79' lang='lat' dir='ltr'>cacumina</span> <span class='ocrx_word' id='word_1_22' title='bbox 910 851 1016 937; x_wconf 78' lang='lat' dir='ltr'>silvas,</span> 
     </span>
     <span class='ocr_line' id='line_1_5' title="bbox 216 961 1215 1058; baseline 0 -26"><span class='ocrx_word' id='word_1_23' title='bbox 216 965 382 1058; x_wconf 85' lang='lat' dir='ltr'>Pluraque</span> <span class='ocrx_word' id='word_1_24' title='bbox 393 964 506 1033; x_wconf 87' lang='lat' dir='ltr'>laxato</span> <span class='ocrx_word' id='word_1_25' title='bbox 517 962 711 1032; x_wconf 86' lang='lat' dir='ltr'>ceciderunt</span> <span class='ocrx_word' id='word_1_26' title='bbox 721 961 831 1030; x_wconf 86' lang='lat' dir='ltr'>sidera</span> <span class='ocrx_word' id='word_1_27' title='bbox 842 963 935 1030; x_wconf 87' lang='lat' dir='ltr'>caelo.</span> <span class='ocrx_word' id='word_1_28' title='bbox 1165 979 1215 1047; x_wconf 76' lang='lat'>¹4⁵</span> 
     </span>
     <span class='ocr_line' id='line_1_6' title="bbox 261 1073 1035 1166; baseline 0.004 -24"><span class='ocrx_word' id='word_1_29' title='bbox 261 1077 393 1144; x_wconf 84' lang='lat' dir='ltr'><strong>Primus</strong></span> <span class='ocrx_word' id='word_1_30' title='bbox 404 1075 521 1144; x_wconf 87' lang='lat' dir='ltr'>adesso</span> <span class='ocrx_word' id='word_1_31' title='bbox 532 1079 642 1142; x_wconf 89' lang='lat' dir='ltr'>Deum</span> <span class='ocrx_word' id='word_1_32' title='bbox 655 1073 765 1144; x_wconf 89' lang='lat' dir='ltr'>subita</span> <span class='ocrx_word' id='word_1_33' title='bbox 776 1074 917 1166; x_wconf 77' lang='lat' dir='ltr'>ealigine</span> <span class='ocrx_word' id='word_1_34' title='bbox 928 1078 1035 1144; x_wconf 89' lang='lat' dir='ltr'>sensit</span> 
     </span>
     <span class='ocr_line' id='line_1_7' title="bbox 214 1186 1145 1282; baseline 0.005 -30"><span class='ocrx_word' id='word_1_35' title='bbox 214 1188 375 1278; x_wconf 86' lang='lat' dir='ltr'>Campus,</span> <span class='ocrx_word' id='word_1_36' title='bbox 387 1203 421 1254; x_wconf 89' lang='lat' dir='ltr'>et</span> <span class='ocrx_word' id='word_1_37' title='bbox 431 1189 619 1254; x_wconf 81' lang='lat' dir='ltr'>innumerae</span> <span class='ocrx_word' id='word_1_38' title='bbox 630 1209 745 1269; x_wconf 87' lang='lat' dir='ltr'>voces,</span> <span class='ocrx_word' id='word_1_39' title='bbox 758 1186 983 1282; x_wconf 79' lang='lat' dir='ltr'>fremitusque</span> <span class='ocrx_word' id='word_1_40' title='bbox 993 1190 1145 1256; x_wconf 78' lang='lat' dir='ltr'>virorum</span> 
     </span>
     <span class='ocr_line' id='line_1_8' title="bbox 214 1295 1074 1392; baseline 0.003 -27"><span class='ocrx_word' id='word_1_41' title='bbox 214 1295 406 1368; x_wconf 84' lang='lat' dir='ltr'>Subruisere</span> <span class='ocrx_word' id='word_1_42' title='bbox 417 1322 558 1368; x_wconf 88' lang='lat' dir='ltr'>sonum:</span> <span class='ocrx_word' id='word_1_43' title='bbox 572 1322 678 1392; x_wconf 90' lang='lat' dir='ltr'>quum</span> <span class='ocrx_word' id='word_1_44' title='bbox 690 1323 769 1366; x_wconf 87' lang='lat' dir='ltr'>vero</span> <span class='ocrx_word' id='word_1_45' title='bbox 781 1297 1000 1368; x_wconf 78' lang='lat' dir='ltr'>humentibus</span> <span class='ocrx_word' id='word_1_46' title='bbox 1011 1299 1074 1368; x_wconf 82' lang='lat' dir='ltr'>alis</span> 
     </span>
     <span class='ocr_line' id='line_1_9' title="bbox 215 1407 1106 1503; baseline 0.006 -30"><span class='ocrx_word' id='word_1_47' title='bbox 215 1407 561 1503; x_wconf 85' lang='lat' dir='ltr'>Incubuit‚piceaque</span> <span class='ocrx_word' id='word_1_48' title='bbox 571 1408 663 1478; x_wconf 91' lang='lat' dir='ltr'>haud</span> <span class='ocrx_word' id='word_1_49' title='bbox 674 1432 826 1502; x_wconf 88' lang='lat' dir='ltr'>unquam</span> <span class='ocrx_word' id='word_1_50' title='bbox 838 1407 975 1478; x_wconf 88' lang='lat' dir='ltr'>densior</span> <span class='ocrx_word' id='word_1_51' title='bbox 984 1410 1106 1478; x_wconf 85' lang='lat' dir='ltr'>umbra</span> 
     </span>
     <span class='ocr_line' id='line_1_10' title="bbox 213 1516 1212 1613; baseline 0 -29"><span class='ocrx_word' id='word_1_52' title='bbox 213 1520 327 1586; x_wconf 84' lang='lat' dir='ltr'>Castra</span> <span class='ocrx_word' id='word_1_53' title='bbox 339 1518 445 1601; x_wconf 82' lang='lat' dir='ltr'>subit,</span> <span class='ocrx_word' id='word_1_54' title='bbox 459 1543 571 1588; x_wconf 87' lang='lat' dir='ltr'>errare</span> <span class='ocrx_word' id='word_1_55' title='bbox 583 1516 689 1603; x_wconf 90' lang='lat' dir='ltr'>oculi,</span> <span class='ocrx_word' id='word_1_56' title='bbox 702 1517 916 1613; x_wconf 83' lang='lat' dir='ltr'>resolutaque</span> <span class='ocrx_word' id='word_1_57' title='bbox 929 1518 1032 1603; x_wconf 84' lang='lat' dir='ltr'>oolla,</span> <span class='ocrx_word' id='word_1_58' title='bbox 1164 1531 1212 1584; x_wconf 77' lang='lat'>150</span> 
     </span>
     <span class='ocr_line' id='line_1_11' title="bbox 214 1628 983 1724; baseline 0.005 -32"><span class='ocrx_word' id='word_1_59' title='bbox 214 1631 257 1693; x_wconf 87' lang='lat' dir='ltr'>Et</span> <span class='ocrx_word' id='word_1_60' title='bbox 269 1628 380 1698; x_wconf 90' lang='lat' dir='ltr'>medio</span> <span class='ocrx_word' id='word_1_61' title='bbox 391 1629 497 1698; x_wconf 81' lang='lat' dir='ltr'>allatu</span> <span class='ocrx_word' id='word_1_62' title='bbox 508 1628 612 1698; x_wconf 87' lang='lat' dir='ltr'>verba</span> <span class='ocrx_word' id='word_1_63' title='bbox 623 1629 817 1723; x_wconf 81' lang='lat' dir='ltr'>imperfecta</span> <span class='ocrx_word' id='word_1_64' title='bbox 828 1628 983 1724; x_wconf 89' lang='lat' dir='ltr'>relinqui.</span> 
     </span>
     <span class='ocr_line' id='line_1_12' title="bbox 215 1725 1009 1834; baseline 0.005 -30"><span class='ocrx_word' id='word_1_65' title='bbox 215 1742 295 1806; x_wconf 85' lang='lat' dir='ltr'>Mox</span> <span class='ocrx_word' id='word_1_66' title='bbox 306 1755 340 1808; x_wconf 87' lang='lat' dir='ltr'>et</span> <span class='ocrx_word' id='word_1_67' title='bbox 350 1739 517 1832; x_wconf 79' lang='lat' dir='ltr'>fulgentes</span> <span class='ocrx_word' id='word_1_68' title='bbox 528 1741 671 1834; x_wconf 82' lang='lat' dir='ltr'>clipeos,</span> <span class='ocrx_word' id='word_1_69' title='bbox 685 1759 717 1808; x_wconf 91' lang='lat' dir='ltr'>et</span> <span class='ocrx_word' id='word_1_70' title='bbox 729 1765 817 1810; x_wconf 82' lang='lat' dir='ltr'>saeva</span> <span class='ocrx_word' id='word_1_71' title='bbox 829 1725 1009 1809; x_wconf 78' lang='lat' dir='ltr'>remittunt¹</span> 
     </span>
     <span class='ocr_line' id='line_1_13' title="bbox 155 1848 1042 1948; baseline 0.002 -33"><span class='ocrx_word' id='word_1_72' title='bbox 155 1870 158 1884; x_wconf 60' lang='lat'>¹</span> <span class='ocrx_word' id='word_1_73' title='bbox 215 1848 283 1917; x_wconf 87' lang='lat' dir='ltr'>Pila</span> <span class='ocrx_word' id='word_1_74' title='bbox 294 1873 416 1930; x_wconf 87' lang='lat' dir='ltr'>manu,</span> <span class='ocrx_word' id='word_1_75' title='bbox 429 1851 575 1948; x_wconf 81' lang='lat' dir='ltr'>lassique</span> <span class='ocrx_word' id='word_1_76' title='bbox 587 1853 712 1922; x_wconf 90' lang='lat' dir='ltr'>cadunt</span> <span class='ocrx_word' id='word_1_77' title='bbox 723 1855 758 1920; x_wconf 94' lang='lat' dir='ltr'>in</span> <span class='ocrx_word' id='word_1_78' title='bbox 771 1868 907 1946; x_wconf 83' lang='lat' dir='ltr'>pectora</span> <span class='ocrx_word' id='word_1_79' title='bbox 918 1850 1042 1919; x_wconf 86' lang='lat' dir='ltr'>vultus.</span> 
     </span>
     <span class='ocr_line' id='line_1_14' title="bbox 133 1957 1262 2063; baseline 0.002 -38"><span class='ocrx_word' id='word_1_80' title='bbox 133 1961 134 1964; x_wconf 68' lang='grc'>’</span> <span class='ocrx_word' id='word_1_81' title='bbox 212 1961 254 2026; x_wconf 85' lang='lat' dir='ltr'>Et</span> <span class='ocrx_word' id='word_1_82' title='bbox 262 1957 334 2052; x_wconf 84' lang='lat' dir='ltr'>jam</span> <span class='ocrx_word' id='word_1_83' title='bbox 347 1979 466 2032; x_wconf 87' lang='lat' dir='ltr'>cuncta</span> <span class='ocrx_word' id='word_1_84' title='bbox 478 1963 675 2058; x_wconf 91' lang='lat' dir='ltr'>silent:ipsi</span> <span class='ocrx_word' id='word_1_85' title='bbox 683 1961 754 2053; x_wconf 84' lang='lat' dir='ltr'>jam</span> <span class='ocrx_word' id='word_1_86' title='bbox 767 1981 855 2030; x_wconf 89' lang='lat' dir='ltr'>stare</span> <span class='ocrx_word' id='word_1_87' title='bbox 867 1976 1025 2030; x_wconf 85' lang='lat' dir='ltr'>recusant</span> <span class='ocrx_word' id='word_1_88' title='bbox 1260 2055 1262 2063; x_wconf 11' lang='grc' dir='ltr'>ᾗ</span> 
     </span>
     <span class='ocr_line' id='line_1_15' title="bbox 212 2071 1211 2166; baseline -0.001 -31"><span class='ocrx_word' id='word_1_89' title='bbox 212 2071 437 2162; x_wconf 75' lang='lat' dir='ltr'>cornipedes:</span> <span class='ocrx_word' id='word_1_90' title='bbox 451 2077 542 2166; x_wconf 90' lang='lat' dir='ltr'>ipsos</span> <span class='ocrx_word' id='word_1_91' title='bbox 554 2074 686 2142; x_wconf 89' lang='lat' dir='ltr'>subitus</span> <span class='ocrx_word' id='word_1_92' title='bbox 699 2074 782 2140; x_wconf 90' lang='lat' dir='ltr'>cinis</span> <span class='ocrx_word' id='word_1_93' title='bbox 794 2071 932 2140; x_wconf 84' lang='lat' dir='ltr'>abstulit</span> <span class='ocrx_word' id='word_1_94' title='bbox 942 2074 1047 2162; x_wconf 76' lang='lat' dir='ltr'>ignes.</span> <span class='ocrx_word' id='word_1_95' title='bbox 1132 2111 1135 2120; x_wconf 87' lang='lat'>·</span> <span class='ocrx_word' id='word_1_96' title='bbox 1162 2079 1211 2134; x_wconf 80' lang='lat'>1⁵5</span> 
     </span>
     <span class='ocr_line' id='line_1_16' title="bbox 258 2183 1020 2278; baseline 0.001 -31"><span class='ocrx_word' id='word_1_97' title='bbox 258 2187 301 2248; x_wconf 79' lang='lat' dir='ltr'>At</span> <span class='ocrx_word' id='word_1_98' title='bbox 313 2205 382 2250; x_wconf 91' lang='lat' dir='ltr'>nou</span> <span class='ocrx_word' id='word_1_99' title='bbox 394 2199 427 2252; x_wconf 87' lang='lat' dir='ltr'>et</span> <span class='ocrx_word' id='word_1_100' title='bbox 438 2184 576 2277; x_wconf 88' lang='lat' dir='ltr'>trepidis</span> <span class='ocrx_word' id='word_1_101' title='bbox 589 2183 706 2254; x_wconf 87' lang='lat' dir='ltr'>eadem</span> <span class='ocrx_word' id='word_1_102' title='bbox 718 2187 823 2278; x_wconf 90' lang='lat' dir='ltr'>Sopor</span> <span class='ocrx_word' id='word_1_103' title='bbox 834 2185 902 2251; x_wconf 81' lang='lat' dir='ltr'>otia</span> <span class='ocrx_word' id='word_1_104' title='bbox 913 2184 1020 2249; x_wconf 83' lang='lat' dir='ltr'>Graiis</span> 
     </span>
    </p>
   </div>
   <div class='ocr_carea' id='block_1_3' title="bbox 165 2373 1215 4272">
    <p class='ocr_par' dir='ltr' id='par_1_3' title="bbox 165 2373 1215 4272">
     <span class='ocr_line' id='line_1_17' title="bbox 168 2373 1210 2450; baseline -0.001 -25"><span class='ocrx_word' id='word_1_105' title='bbox 168 2373 224 2426; x_wconf 85' lang='lat' dir='ltr'>fluit</span> <span class='ocrx_word' id='word_1_106' title='bbox 235 2377 261 2428; x_wconf 88' lang='lat' dir='ltr'>in</span> <span class='ocrx_word' id='word_1_107' title='bbox 272 2387 356 2430; x_wconf 81' lang='lat' dir='ltr'>terras</span> <span class='ocrx_word' id='word_1_108' title='bbox 365 2391 522 2450; x_wconf 85' lang='lat' dir='ltr'>mutumque</span> <span class='ocrx_word' id='word_1_109' title='bbox 534 2379 667 2450; x_wconf 84' lang='lat' dir='ltr'>amplecti·</span> <span class='ocrx_word' id='word_1_110' title='bbox 750 2377 811 2442; x_wconf 77' lang='lat'>152,</span> <span class='ocrx_word' id='word_1_111' title='bbox 823 2375 880 2429; x_wconf 82' lang='lat'>153.</span> <span class='ocrx_word' id='word_1_112' title='bbox 891 2379 930 2428; x_wconf 87' lang='lat' dir='ltr'>M.</span> <span class='ocrx_word' id='word_1_113' title='bbox 939 2397 961 2430; x_wconf 87' lang='lat' dir='ltr'>e.</span> <span class='ocrx_word' id='word_1_114' title='bbox 966 2376 994 2448; x_wconf 86' lang='lat' dir='ltr'><em>f</em></span> <span class='ocrx_word' id='word_1_115' title='bbox 1002 2373 1106 2446; x_wconf 81' lang='lat' dir='ltr'>clipeos,</span> <span class='ocrx_word' id='word_1_116' title='bbox 1113 2384 1210 2426; x_wconf 82' lang='lat' dir='ltr'>etsoeva</span> 
     </span>
     <span class='ocr_line' id='line_1_18' title="bbox 170 2454 1212 2526; baseline 0.002 -20"><span class='ocrx_word' id='word_1_117' title='bbox 170 2465 211 2506; x_wconf 81' lang='lat' dir='ltr'>tur</span> <span class='ocrx_word' id='word_1_118' title='bbox 222 2454 323 2508; x_wconf 85' lang='lat' dir='ltr'>orbem.</span> <span class='ocrx_word' id='word_1_119' title='bbox 334 2479 345 2504; x_wconf 75' lang='grc' dir='ltr'>ι</span> <span class='ocrx_word' id='word_1_120' title='bbox 367 2458 447 2510; x_wconf 78' lang='lat' dir='ltr'>litun.</span> <span class='ocrx_word' id='word_1_121' title='bbox 710 2457 1007 2512; x_wconf 81' lang='lat' dir='ltr'>remittantPilamanu.</span> <span class='ocrx_word' id='word_1_122' title='bbox 1016 2480 1027 2503; x_wconf 78' lang='grc' dir='ltr'>ι</span> <span class='ocrx_word' id='word_1_123' title='bbox 1035 2455 1212 2526; x_wconf 80' lang='lat' dir='ltr'>Manusoripti</span> 
     </span>
     <span class='ocr_line' id='line_1_19' title="bbox 204 2532 1212 2609; baseline -0.002 -23"><span class='ocrx_word' id='word_1_124' title='bbox 204 2535 263 2601; x_wconf 69' lang='lat' dir='ltr'>ila.</span> <span class='ocrx_word' id='word_1_125' title='bbox 281 2536 418 2609; x_wconf 79' lang='lat' dir='ltr'>Explicat,</span> <span class='ocrx_word' id='word_1_126' title='bbox 437 2549 463 2590; x_wconf 88' lang='lat' dir='ltr'>et</span> <span class='ocrx_word' id='word_1_127' title='bbox 481 2537 585 2608; x_wconf 80' lang='lat' dir='ltr'>penitus</span> <span class='ocrx_word' id='word_1_128' title='bbox 602 2556 667 2609; x_wconf 75' lang='lat' dir='ltr'>qua·</span> <span class='ocrx_word' id='word_1_129' title='bbox 710 2535 770 2588; x_wconf 86' lang='lat' dir='ltr'>libri</span> <span class='ocrx_word' id='word_1_130' title='bbox 778 2535 920 2590; x_wconf 85' lang='lat' dir='ltr'>ultranihil</span> <span class='ocrx_word' id='word_1_131' title='bbox 929 2548 1130 2606; x_wconf 81' lang='lat' dir='ltr'>mutant‚quuna</span> <span class='ocrx_word' id='word_1_132' title='bbox 1139 2532 1212 2604; x_wconf 87' lang='lat' dir='ltr'>quod</span> 
     </span>
     <span class='ocr_line' id='line_1_20' title="bbox 166 2612 1212 2687; baseline -0.001 -23"><span class='ocrx_word' id='word_1_133' title='bbox 166 2631 266 2684; x_wconf 80' lang='lat' dir='ltr'>eamque</span> <span class='ocrx_word' id='word_1_134' title='bbox 291 2615 439 2687; x_wconf 80' lang='lat' dir='ltr'>supervolat</span> <span class='ocrx_word' id='word_1_135' title='bbox 462 2615 556 2668; x_wconf 78' lang='lat' dir='ltr'>orbem.</span> <span class='ocrx_word' id='word_1_136' title='bbox 584 2616 665 2687; x_wconf 81' lang='lat' dir='ltr'>Laug.</span> <span class='ocrx_word' id='word_1_137' title='bbox 710 2612 1212 2687; x_wconf 79' lang='lat' dir='ltr'>inoptimo,alioqueuno‚clarescri·</span> 
     </span>
     <span class='ocr_line' id='line_1_21' title="bbox 167 2690 1213 2766; baseline 0.004 -26"><span class='ocrx_word' id='word_1_138' title='bbox 167 2690 266 2744; x_wconf 85' lang='lat' dir='ltr'>Buslid.</span> <span class='ocrx_word' id='word_1_139' title='bbox 284 2693 352 2746; x_wconf 86' lang='lat' dir='ltr'>Dan.</span> <span class='ocrx_word' id='word_1_140' title='bbox 371 2695 459 2746; x_wconf 80' lang='lat' dir='ltr'>Pelas.</span> <span class='ocrx_word' id='word_1_141' title='bbox 480 2707 505 2746; x_wconf 88' lang='lat' dir='ltr'>et</span> <span class='ocrx_word' id='word_1_142' title='bbox 524 2693 584 2747; x_wconf 86' lang='lat' dir='ltr'>edd.</span> <span class='ocrx_word' id='word_1_143' title='bbox 602 2709 665 2748; x_wconf 81' lang='lat' dir='ltr'>vett.</span> <span class='ocrx_word' id='word_1_144' title='bbox 710 2709 786 2766; x_wconf 84' lang='lat' dir='ltr'>ptum</span> <span class='ocrx_word' id='word_1_145' title='bbox 807 2694 937 2748; x_wconf 73' lang='lat' dir='ltr'>offendor</span> <span class='ocrx_word' id='word_1_146' title='bbox 959 2705 984 2746; x_wconf 85' lang='lat' dir='ltr'>st</span> <span class='ocrx_word' id='word_1_147' title='bbox 1005 2691 1057 2746; x_wconf 82' lang='lat' dir='ltr'>tela</span> <span class='ocrx_word' id='word_1_148' title='bbox 1078 2694 1213 2746; x_wconf 84' lang='lat' dir='ltr'>remittunt</span> 
     </span>
     <span class='ocr_line' id='line_1_22' title="bbox 166 2772 1212 2845; baseline 0.004 -23"><span class='ocrx_word' id='word_1_149' title='bbox 166 2787 359 2845; x_wconf 80' lang='lat' dir='ltr'>quamcumque</span> <span class='ocrx_word' id='word_1_150' title='bbox 366 2772 513 2844; x_wconf 77' lang='lat' dir='ltr'>supervolat</span> <span class='ocrx_word' id='word_1_151' title='bbox 521 2775 619 2828; x_wconf 78' lang='lat' dir='ltr'>arbem.</span> <span class='ocrx_word' id='word_1_152' title='bbox 631 2801 667 2814; x_wconf 88' lang='lat'>-·</span> <span class='ocrx_word' id='word_1_153' title='bbox 711 2775 773 2826; x_wconf 86' lang='lat' dir='ltr'>Pila</span> <span class='ocrx_word' id='word_1_154' title='bbox 785 2793 875 2827; x_wconf 80' lang='lat' dir='ltr'>manu.</span> <span class='ocrx_word' id='word_1_155' title='bbox 888 2773 1114 2844; x_wconf 68' lang='lat' dir='ltr'>Lindenbrogiani</span> <span class='ocrx_word' id='word_1_156' title='bbox 1125 2787 1152 2824; x_wconf 87' lang='lat' dir='ltr'>et</span> <span class='ocrx_word' id='word_1_157' title='bbox 1163 2775 1212 2826; x_wconf 79' lang='lat' dir='ltr'>lle-</span> 
     </span>
     <span class='ocr_line' id='line_1_23' title="bbox 166 2847 1209 2925; baseline -0.001 -25"><span class='ocrx_word' id='word_1_158' title='bbox 166 2851 229 2922; x_wconf 82' lang='lat' dir='ltr'>lleg.</span> <span class='ocrx_word' id='word_1_159' title='bbox 242 2853 263 2901; x_wconf 88' lang='lat' dir='ltr'>B</span> <span class='ocrx_word' id='word_1_160' title='bbox 278 2847 370 2918; x_wconf 88' lang='lat' dir='ltr'>habet,</span> <span class='ocrx_word' id='word_1_161' title='bbox 387 2852 512 2925; x_wconf 77' lang='lat' dir='ltr'>Explicat</span> <span class='ocrx_word' id='word_1_162' title='bbox 525 2864 551 2906; x_wconf 87' lang='lat' dir='ltr'>et</span> <span class='ocrx_word' id='word_1_163' title='bbox 561 2855 666 2925; x_wconf 78' lang='lat' dir='ltr'>penitas</span> <span class='ocrx_word' id='word_1_164' title='bbox 710 2851 824 2906; x_wconf 86' lang='lat' dir='ltr'>hottianl</span> <span class='ocrx_word' id='word_1_165' title='bbox 836 2851 900 2905; x_wconf 85' lang='lat' dir='ltr'>nihil</span> <span class='ocrx_word' id='word_1_166' title='bbox 913 2863 1032 2916; x_wconf 81' lang='lat' dir='ltr'>mutant,</span> <span class='ocrx_word' id='word_1_167' title='bbox 1046 2863 1076 2900; x_wconf 89' lang='lat' dir='ltr'>nt</span> <span class='ocrx_word' id='word_1_168' title='bbox 1087 2867 1137 2902; x_wconf 85' lang='lat' dir='ltr'>aec</span> <span class='ocrx_word' id='word_1_169' title='bbox 1149 2848 1209 2902; x_wconf 81' lang='lat' dir='ltr'>odd.</span> 
     </span>
     <span class='ocr_line' id='line_1_24' title="bbox 166 2928 1211 3006; baseline -0.002 -22"><span class='ocrx_word' id='word_1_170' title='bbox 166 2947 324 3002; x_wconf 63' lang='lat' dir='ltr'>quaecunque</span> <span class='ocrx_word' id='word_1_171' title='bbox 344 2932 492 3006; x_wconf 81' lang='lat' dir='ltr'>supervolat</span> <span class='ocrx_word' id='word_1_172' title='bbox 513 2933 608 2984; x_wconf 80' lang='lat' dir='ltr'>orbem.</span> <span class='ocrx_word' id='word_1_173' title='bbox 630 2961 666 2974; x_wconf 84' lang='lat'>·-</span> <span class='ocrx_word' id='word_1_174' title='bbox 710 2934 810 3003; x_wconf 74' lang='lat' dir='ltr'>priscae.</span> <span class='ocrx_word' id='word_1_175' title='bbox 823 2934 1032 2984; x_wconf 81' lang='lat' dir='ltr'>Faciunttanasn</span> <span class='ocrx_word' id='word_1_176' title='bbox 1046 2930 1101 2982; x_wconf 93' lang='lat' dir='ltr'>duo</span> <span class='ocrx_word' id='word_1_177' title='bbox 1114 2928 1151 2981; x_wconf 94' lang='lat' dir='ltr'>illi</span> <span class='ocrx_word' id='word_1_178' title='bbox 1162 2947 1211 2982; x_wconf 83' lang='lat' dir='ltr'>uo·</span> 
     </span>
     <span class='ocr_line' id='line_1_25' title="bbox 168 3007 1210 3081; baseline 0.004 -23"><span class='ocrx_word' id='word_1_179' title='bbox 168 3007 363 3081; x_wconf 82' lang='lat' dir='ltr'>Quamcumque</span> <span class='ocrx_word' id='word_1_180' title='bbox 390 3008 536 3081; x_wconf 74' lang='lat' dir='ltr'>supervolat</span> <span class='ocrx_word' id='word_1_181' title='bbox 566 3011 665 3064; x_wconf 79' lang='lat' dir='ltr'>urbem.</span> <span class='ocrx_word' id='word_1_182' title='bbox 710 3013 773 3076; x_wconf 85' lang='lat' dir='ltr'>stri,</span> <span class='ocrx_word' id='word_1_183' title='bbox 792 3022 822 3061; x_wconf 89' lang='lat' dir='ltr'>ut</span> <span class='ocrx_word' id='word_1_184' title='bbox 839 3008 993 3080; x_wconf 71' lang='lat' dir='ltr'>glossemate</span> <span class='ocrx_word' id='word_1_185' title='bbox 1011 3009 1145 3060; x_wconf 80' lang='lat' dir='ltr'>veritatem</span> <span class='ocrx_word' id='word_1_186' title='bbox 1164 3026 1210 3062; x_wconf 77' lang='lat' dir='ltr'>ex·</span> 
     </span>
     <span class='ocr_line' id='line_1_26' title="bbox 165 3086 1210 3162; baseline 0.006 -26"><span class='ocrx_word' id='word_1_187' title='bbox 165 3086 240 3141; x_wconf 79' lang='lat' dir='ltr'>ltane</span> <span class='ocrx_word' id='word_1_188' title='bbox 254 3101 357 3141; x_wconf 83' lang='lat' dir='ltr'>tanturn</span> <span class='ocrx_word' id='word_1_189' title='bbox 373 3091 453 3144; x_wconf 85' lang='lat' dir='ltr'>urbes</span> <span class='ocrx_word' id='word_1_190' title='bbox 471 3089 665 3162; x_wconf 72' lang='lat' dir='ltr'>supervolavit,</span> <span class='ocrx_word' id='word_1_191' title='bbox 709 3089 809 3144; x_wconf 82' lang='lat' dir='ltr'>clusam</span> <span class='ocrx_word' id='word_1_192' title='bbox 826 3088 945 3142; x_wconf 80' lang='lat' dir='ltr'>arbitrer.</span> <span class='ocrx_word' id='word_1_193' title='bbox 965 3089 999 3140; x_wconf 88' lang='lat' dir='ltr'>Ut</span> <span class='ocrx_word' id='word_1_194' title='bbox 1018 3090 1041 3141; x_wconf 92' lang='lat' dir='ltr'>si</span> <span class='ocrx_word' id='word_1_195' title='bbox 1059 3091 1210 3160; x_wconf 79' lang='lat' dir='ltr'>scripserit:</span> 
     </span>
     <span class='ocr_line' id='line_1_27' title="bbox 165 3164 1212 3242; baseline 0.007 -27"><span class='ocrx_word' id='word_1_196' title='bbox 165 3177 192 3216; x_wconf 93' lang='lat' dir='ltr'>et</span> <span class='ocrx_word' id='word_1_197' title='bbox 203 3164 240 3217; x_wconf 91' lang='lat' dir='ltr'>lbi</span> <span class='ocrx_word' id='word_1_198' title='bbox 253 3167 372 3239; x_wconf 84' lang='lat' dir='ltr'>scopuli,</span> <span class='ocrx_word' id='word_1_199' title='bbox 386 3170 467 3236; x_wconf 79' lang='lat' dir='ltr'>freta,</span> <span class='ocrx_word' id='word_1_200' title='bbox 481 3168 568 3222; x_wconf 75' lang='lat' dir='ltr'>silvae?</span> <span class='ocrx_word' id='word_1_201' title='bbox 580 3169 665 3242; x_wconf 59' lang='lat' dir='ltr'>Legu</span> <span class='ocrx_word' id='word_1_202' title='bbox 709 3181 734 3222; x_wconf 87' lang='lat' dir='ltr'>et</span> <span class='ocrx_word' id='word_1_203' title='bbox 745 3169 796 3222; x_wconf 84' lang='lat' dir='ltr'>tela</span> <span class='ocrx_word' id='word_1_204' title='bbox 810 3172 947 3222; x_wconf 79' lang='lat' dir='ltr'>remittunt</span> <span class='ocrx_word' id='word_1_205' title='bbox 957 3169 1042 3240; x_wconf 79' lang='lat' dir='ltr'>Lapsa</span> <span class='ocrx_word' id='word_1_206' title='bbox 1057 3188 1148 3226; x_wconf 80' lang='lat' dir='ltr'>mauu.</span> <span class='ocrx_word' id='word_1_207' title='bbox 1164 3169 1212 3222; x_wconf 76' lang='lat' dir='ltr'>lti-</span> 
     </span>
     <span class='ocr_line' id='line_1_28' title="bbox 165 3245 1212 3317; baseline 0.004 -23"><span class='ocrx_word' id='word_1_208' title='bbox 165 3261 328 3317; x_wconf 70' lang='lat' dir='ltr'>quaerunque</span> <span class='ocrx_word' id='word_1_209' title='bbox 346 3245 493 3316; x_wconf 81' lang='lat' dir='ltr'>superaolat</span> <span class='ocrx_word' id='word_1_210' title='bbox 513 3249 616 3310; x_wconf 74' lang='lat' dir='ltr'>orbern,-</span> <span class='ocrx_word' id='word_1_211' title='bbox 636 3260 667 3300; x_wconf 87' lang='lat' dir='ltr'>ut</span> <span class='ocrx_word' id='word_1_212' title='bbox 709 3247 747 3300; x_wconf 89' lang='lat' dir='ltr'>hil</span> <span class='ocrx_word' id='word_1_213' title='bbox 759 3263 847 3302; x_wconf 82' lang='lat' dir='ltr'>tamen</span> <span class='ocrx_word' id='word_1_214' title='bbox 864 3247 943 3303; x_wconf 83' lang='lat' dir='ltr'>nobis</span> <span class='ocrx_word' id='word_1_215' title='bbox 959 3247 1112 3300; x_wconf 80' lang='lat' dir='ltr'>auctoribus</span> <span class='ocrx_word' id='word_1_216' title='bbox 1124 3261 1212 3300; x_wconf 87' lang='lat' dir='ltr'>muta-</span> 
     </span>
     <span class='ocr_line' id='line_1_29' title="bbox 165 3321 1211 3392; baseline 0.005 -20"><span class='ocrx_word' id='word_1_217' title='bbox 165 3321 245 3392; x_wconf 82' lang='lat' dir='ltr'>plsne</span> <span class='ocrx_word' id='word_1_218' title='bbox 256 3322 382 3376; x_wconf 78' lang='lat' dir='ltr'>Arondel.</span> <span class='ocrx_word' id='word_1_219' title='bbox 397 3325 514 3378; x_wconf 80' lang='lat' dir='ltr'>Guonov.</span> <span class='ocrx_word' id='word_1_220' title='bbox 709 3328 811 3380; x_wconf 73' lang='lat' dir='ltr'>bitum</span> <span class='ocrx_word' id='word_1_221' title='bbox 826 3329 922 3380; x_wconf 74' lang='lat' dir='ltr'>Blera.</span> <span class='ocrx_word' id='word_1_222' title='bbox 937 3356 974 3370; x_wconf 87' lang='lat'>-</span> <span class='ocrx_word' id='word_1_223' title='bbox 988 3326 1016 3381; x_wconf 88' lang='lat' dir='ltr'><em>V</em></span> <span class='ocrx_word' id='word_1_224' title='bbox 1013 3326 1090 3378; x_wconf 77' lang='lat' dir='ltr'>ultro.</span> <span class='ocrx_word' id='word_1_225' title='bbox 1105 3327 1211 3380; x_wconf 84' lang='lat' dir='ltr'>Descri-</span> 
     </span>
     <span class='ocr_line' id='line_1_30' title="bbox 208 3401 1129 3481; baseline 0.003 -27"><span class='ocrx_word' id='word_1_226' title='bbox 208 3401 265 3472; x_wconf 73' lang='grc'><strong>147.</strong></span> <span class='ocrx_word' id='word_1_227' title='bbox 286 3405 406 3476; x_wconf 81' lang='lat' dir='ltr'>Campus.</span> <span class='ocrx_word' id='word_1_228' title='bbox 425 3404 454 3456; x_wconf 94' lang='lat' dir='ltr'>ld</span> <span class='ocrx_word' id='word_1_229' title='bbox 473 3401 666 3470; x_wconf 81' lang='lat' dir='ltr'>ast,&#39;ll1ebaui</span> <span class='ocrx_word' id='word_1_230' title='bbox 710 3406 857 3481; x_wconf 83' lang='lat' dir='ltr'>ptioaltius</span> <span class='ocrx_word' id='word_1_231' title='bbox 869 3408 1032 3460; x_wconf 83' lang='lat' dir='ltr'>dormientis.</span> <span class='ocrx_word' id='word_1_232' title='bbox 1051 3407 1129 3458; x_wconf 82' lang='lat' dir='ltr'>Lacr.</span> 
     </span>
     <span class='ocr_line' id='line_1_31' title="bbox 166 3482 1211 3558; baseline 0.006 -26"><span class='ocrx_word' id='word_1_233' title='bbox 166 3482 212 3552; x_wconf 88' lang='lat' dir='ltr'>qui</span> <span class='ocrx_word' id='word_1_234' title='bbox 225 3495 302 3534; x_wconf 86' lang='lat' dir='ltr'>eraut</span> <span class='ocrx_word' id='word_1_235' title='bbox 313 3483 341 3536; x_wconf 90' lang='lat' dir='ltr'>iu</span> <span class='ocrx_word' id='word_1_236' title='bbox 355 3501 466 3555; x_wconf 83' lang='lat' dir='ltr'>eampo,</span> <span class='ocrx_word' id='word_1_237' title='bbox 481 3486 579 3556; x_wconf 85' lang='lat' dir='ltr'>quique</span> <span class='ocrx_word' id='word_1_238' title='bbox 594 3483 666 3538; x_wconf 85' lang='lat' dir='ltr'>obsi·</span> <span class='ocrx_word' id='word_1_239' title='bbox 750 3486 807 3552; x_wconf 76' lang='grc'><strong>154.</strong></span> <span class='ocrx_word' id='word_1_240' title='bbox 820 3485 855 3538; x_wconf 84' lang='lat' dir='ltr'>Et</span> <span class='ocrx_word' id='word_1_241' title='bbox 858 3488 918 3558; x_wconf 84' lang='lat' dir='ltr'>jam</span> <span class='ocrx_word' id='word_1_242' title='bbox 929 3496 1022 3540; x_wconf 74' lang='lat' dir='ltr'>cancta</span> <span class='ocrx_word' id='word_1_243' title='bbox 1031 3483 1116 3538; x_wconf 78' lang='lat' dir='ltr'>silent.</span> <span class='ocrx_word' id='word_1_244' title='bbox 1132 3485 1211 3538; x_wconf 72' lang='lat' dir='ltr'>elbo</span> 
     </span>
     <span class='ocr_line' id='line_1_32' title="bbox 165 3555 1212 3636; baseline 0.008 -30"><span class='ocrx_word' id='word_1_245' title='bbox 165 3555 263 3610; x_wconf 82' lang='lat' dir='ltr'>debant</span> <span class='ocrx_word' id='word_1_246' title='bbox 275 3573 360 3612; x_wconf 82' lang='lat' dir='ltr'>castra</span> <span class='ocrx_word' id='word_1_247' title='bbox 373 3562 539 3632; x_wconf 73' lang='lat' dir='ltr'>Argivorum.</span> <span class='ocrx_word' id='word_1_248' title='bbox 712 3567 799 3618; x_wconf 84' lang='lat' dir='ltr'>omnia</span> <span class='ocrx_word' id='word_1_249' title='bbox 813 3563 906 3628; x_wconf 79' lang='lat' dir='ltr'>verba,</span> <span class='ocrx_word' id='word_1_250' title='bbox 926 3563 974 3636; x_wconf 81' lang='lat' dir='ltr'>ipst&#39;</span> <span class='ocrx_word' id='word_1_251' title='bbox 988 3567 1044 3634; x_wconf 71' lang='lat' dir='ltr'>jam</span> <span class='ocrx_word' id='word_1_252' title='bbox 1059 3573 1125 3616; x_wconf 84' lang='lat' dir='ltr'>stare</span> <span class='ocrx_word' id='word_1_253' title='bbox 1140 3577 1212 3614; x_wconf 80' lang='lat' dir='ltr'>recu·</span> 
     </span>
     <span class='ocr_line' id='line_1_33' title="bbox 206 3637 1213 3714; baseline 0.001 -24"><span class='ocrx_word' id='word_1_254' title='bbox 206 3637 262 3705; x_wconf 72' lang='lat'>148.</span> <span class='ocrx_word' id='word_1_255' title='bbox 281 3637 434 3692; x_wconf 79' lang='lat' dir='ltr'>Submt&#39;sere.</span> <span class='ocrx_word' id='word_1_256' title='bbox 448 3641 632 3711; x_wconf 75' lang='lat' dir='ltr'>suppressere.</span> <span class='ocrx_word' id='word_1_257' title='bbox 710 3654 770 3695; x_wconf 83' lang='lat' dir='ltr'>sant</span> <span class='ocrx_word' id='word_1_258' title='bbox 781 3644 1019 3714; x_wconf 81' lang='lat' dir='ltr'>Cornipedeslpsos‚</span> <span class='ocrx_word' id='word_1_259' title='bbox 1030 3641 1108 3694; x_wconf 83' lang='lat' dir='ltr'>iidem</span> <span class='ocrx_word' id='word_1_260' title='bbox 1120 3639 1175 3692; x_wconf 92' lang='lat' dir='ltr'>duo</span> <span class='ocrx_word' id='word_1_261' title='bbox 1184 3640 1213 3692; x_wconf 91' lang='lat' dir='ltr'>li·</span> 
     </span>
     <span class='ocr_line' id='line_1_34' title="bbox 204 3713 1212 3792; baseline -0.001 -22"><span class='ocrx_word' id='word_1_262' title='bbox 204 3716 262 3771; x_wconf 79' lang='grc'><strong>150.</strong></span> <span class='ocrx_word' id='word_1_263' title='bbox 280 3719 383 3772; x_wconf 74' lang='lat' dir='ltr'>Errare</span> <span class='ocrx_word' id='word_1_264' title='bbox 396 3721 552 3772; x_wconf 84' lang='lat' dir='ltr'>Dormitare.</span> <span class='ocrx_word' id='word_1_265' title='bbox 571 3720 647 3772; x_wconf 79' lang='lat' dir='ltr'>Lucr.</span> <span class='ocrx_word' id='word_1_266' title='bbox 710 3720 752 3774; x_wconf 87' lang='lat' dir='ltr'>hri</span> <span class='ocrx_word' id='word_1_267' title='bbox 762 3721 835 3776; x_wconf 89' lang='lat' dir='ltr'>nullo</span> <span class='ocrx_word' id='word_1_268' title='bbox 845 3723 920 3792; x_wconf 85' lang='lat' dir='ltr'>apice</span> <span class='ocrx_word' id='word_1_269' title='bbox 932 3735 1089 3790; x_wconf 76' lang='lat' dir='ltr'>agnoscunt.</span> <span class='ocrx_word' id='word_1_270' title='bbox 1099 3718 1150 3771; x_wconf 88' lang='lat' dir='ltr'>Sed</span> <span class='ocrx_word' id='word_1_271' title='bbox 1160 3713 1212 3770; x_wconf 87' lang='lat' dir='ltr'>hoo</span> 
     </span>
     <span class='ocr_line' id='line_1_35' title="bbox 204 3797 1213 3872; baseline 0.002 -24"><span class='ocrx_word' id='word_1_272' title='bbox 204 3797 261 3850; x_wconf 83' lang='grc'><strong>151.</strong></span> <span class='ocrx_word' id='word_1_273' title='bbox 280 3799 306 3850; x_wconf 82' lang='lat' dir='ltr'><em>E</em></span> <span class='ocrx_word' id='word_1_274' title='bbox 308 3808 318 3848; x_wconf 88' lang='lat' dir='ltr'>t</span> <span class='ocrx_word' id='word_1_275' title='bbox 330 3798 416 3852; x_wconf 81' lang='lat' dir='ltr'>medlo</span> <span class='ocrx_word' id='word_1_276' title='bbox 427 3799 525 3872; x_wconf 80' lang='lat' dir='ltr'>affata.</span> <span class='ocrx_word' id='word_1_277' title='bbox 535 3801 571 3852; x_wconf 75' lang='lat' dir='ltr'>Es</span> <span class='ocrx_word' id='word_1_278' title='bbox 580 3799 667 3852; x_wconf 84' lang='lat' dir='ltr'>medlo</span> <span class='ocrx_word' id='word_1_279' title='bbox 711 3799 791 3852; x_wconf 86' lang='lat' dir='ltr'>modo</span> <span class='ocrx_word' id='word_1_280' title='bbox 801 3800 956 3870; x_wconf 81' lang='lat' dir='ltr'>concipiunt</span> <span class='ocrx_word' id='word_1_281' title='bbox 966 3815 1020 3852; x_wconf 80' lang='lat' dir='ltr'>rena</span> <span class='ocrx_word' id='word_1_282' title='bbox 1030 3821 1035 3849; x_wconf 75' lang='lat' dir='ltr'>z</span> <span class='ocrx_word' id='word_1_283' title='bbox 1045 3799 1142 3869; x_wconf 75' lang='lat' dir='ltr'>Etjam</span> <span class='ocrx_word' id='word_1_284' title='bbox 1152 3815 1213 3852; x_wconf 82' lang='lat' dir='ltr'>eun·</span> 
     </span>
     <span class='ocr_line' id='line_1_36' title="bbox 165 3873 1210 3952; baseline 0 -28"><span class='ocrx_word' id='word_1_285' title='bbox 165 3873 260 3952; x_wconf 77' lang='lat' dir='ltr'>afflata</span> <span class='ocrx_word' id='word_1_286' title='bbox 272 3875 351 3928; x_wconf 76' lang='lat' dir='ltr'>Aldd.</span> <span class='ocrx_word' id='word_1_287' title='bbox 364 3875 449 3930; x_wconf 86' lang='lat' dir='ltr'>Calin.</span> <span class='ocrx_word' id='word_1_288' title='bbox 461 3878 560 3952; x_wconf 75' lang='lat' dir='ltr'>Grypb.</span> <span class='ocrx_word' id='word_1_289' title='bbox 579 3891 604 3932; x_wconf 89' lang='lat' dir='ltr'>et</span> <span class='ocrx_word' id='word_1_290' title='bbox 616 3880 667 3932; x_wconf 87' lang='lat' dir='ltr'>Ba·</span> <span class='ocrx_word' id='word_1_291' title='bbox 711 3877 845 3941; x_wconf 80' lang='lat' dir='ltr'>ctasllest,</span> <span class='ocrx_word' id='word_1_292' title='bbox 854 3875 1189 3950; x_wconf 72' lang='lat' dir='ltr'>ipsasolns&#39;salstula&#39;tiqnes.</span> <span class='ocrx_word' id='word_1_293' title='bbox 1197 3899 1210 3924; x_wconf 72' lang='grc' dir='ltr'>ι</span> 
     </span>
     <span class='ocr_line' id='line_1_37' title="bbox 166 3953 1215 4010; baseline 0.003 -7"><span class='ocrx_word' id='word_1_294' title='bbox 166 3953 206 4006; x_wconf 83' lang='grc' dir='ltr'>ιίΙ.</span> <span class='ocrx_word' id='word_1_295' title='bbox 226 3954 380 4008; x_wconf 85' lang='lat' dir='ltr'>Emendavit</span> <span class='ocrx_word' id='word_1_296' title='bbox 397 3957 514 4010; x_wconf 82' lang='lat' dir='ltr'>loannes</span> <span class='ocrx_word' id='word_1_297' title='bbox 533 3958 666 4010; x_wconf 80' lang='lat' dir='ltr'>liviueius</span> <span class='ocrx_word' id='word_1_298' title='bbox 751 3953 806 4010; x_wconf 82' lang='lat'>155.</span> <span class='ocrx_word' id='word_1_299' title='bbox 828 3955 855 4010; x_wconf 78' lang='lat'>0.</span> <span class='ocrx_word' id='word_1_300' title='bbox 874 3955 891 4008; x_wconf 85' lang='lat' dir='ltr'>l.</span> <span class='ocrx_word' id='word_1_301' title='bbox 909 3955 1009 4008; x_wconf 77' lang='lat' dir='ltr'>salitus</span> <span class='ocrx_word' id='word_1_302' title='bbox 1024 3955 1089 4007; x_wconf 72' lang='lat' dir='ltr'>cinis</span> <span class='ocrx_word' id='word_1_303' title='bbox 1107 3953 1215 4008; x_wconf 73' lang='lat' dir='ltr'>abstulit</span> 
     </span>
     <span class='ocr_line' id='line_1_38' title="bbox 166 4029 1213 4108; baseline 0.003 -27"><span class='ocrx_word' id='word_1_304' title='bbox 166 4029 201 4082; x_wconf 83' lang='lat' dir='ltr'>ad</span> <span class='ocrx_word' id='word_1_305' title='bbox 211 4033 330 4104; x_wconf 76' lang='lat' dir='ltr'>Proper-t.</span> <span class='ocrx_word' id='word_1_306' title='bbox 344 4037 388 4096; x_wconf 85' lang='lat' dir='ltr'>lV,</span> <span class='ocrx_word' id='word_1_307' title='bbox 399 4053 425 4104; x_wconf 87' lang='lat'>7,</span> <span class='ocrx_word' id='word_1_308' title='bbox 435 4049 460 4090; x_wconf 87' lang='lat' dir='ltr'>et</span> <span class='ocrx_word' id='word_1_309' title='bbox 472 4037 623 4088; x_wconf 83' lang='lat' dir='ltr'>Bernartius</span> <span class='ocrx_word' id='word_1_310' title='bbox 635 4053 666 4088; x_wconf 81' lang='lat' dir='ltr'>ex</span> <span class='ocrx_word' id='word_1_311' title='bbox 712 4035 790 4108; x_wconf 70' lang='lat' dir='ltr'>ipses.</span> <span class='ocrx_word' id='word_1_312' title='bbox 807 4037 870 4106; x_wconf 76' lang='lat' dir='ltr'>Reg.</span> <span class='ocrx_word' id='word_1_313' title='bbox 888 4035 909 4086; x_wconf 94' lang='lat' dir='ltr'>B</span> <span class='ocrx_word' id='word_1_314' title='bbox 925 4035 1022 4100; x_wconf 81' lang='lat' dir='ltr'>habet,</span> <span class='ocrx_word' id='word_1_315' title='bbox 1042 4034 1107 4106; x_wconf 82' lang='lat' dir='ltr'>ipsos</span> <span class='ocrx_word' id='word_1_316' title='bbox 1119 4033 1213 4088; x_wconf 74' lang='lat' dir='ltr'>subitas</span> 
     </span>
     <span class='ocr_line' id='line_1_39' title="bbox 165 4110 1212 4187; baseline 0 -23"><span class='ocrx_word' id='word_1_317' title='bbox 165 4110 258 4166; x_wconf 84' lang='lat' dir='ltr'>codice</span> <span class='ocrx_word' id='word_1_318' title='bbox 269 4116 464 4186; x_wconf 81' lang='lat' dir='ltr'>manuscripto:</span> <span class='ocrx_word' id='word_1_319' title='bbox 478 4116 549 4169; x_wconf 81' lang='lat' dir='ltr'>etita</span> <span class='ocrx_word' id='word_1_320' title='bbox 559 4117 607 4170; x_wconf 77' lang='lat' dir='ltr'>len</span> <span class='ocrx_word' id='word_1_321' title='bbox 622 4114 666 4170; x_wconf 87' lang='lat' dir='ltr'>alii</span> <span class='ocrx_word' id='word_1_322' title='bbox 711 4114 777 4166; x_wconf 83' lang='lat' dir='ltr'>cluis</span> <span class='ocrx_word' id='word_1_323' title='bbox 786 4113 891 4167; x_wconf 82' lang='lat' dir='ltr'>abstulit</span> <span class='ocrx_word' id='word_1_324' title='bbox 902 4115 980 4187; x_wconf 73' lang='lat' dir='ltr'>ipsis,</span> <span class='ocrx_word' id='word_1_325' title='bbox 996 4126 1022 4164; x_wconf 88' lang='lat' dir='ltr'>et</span> <span class='ocrx_word' id='word_1_326' title='bbox 1034 4131 1113 4184; x_wconf 88' lang='lat' dir='ltr'>supra</span> <span class='ocrx_word' id='word_1_327' title='bbox 1125 4111 1212 4164; x_wconf 79' lang='lat' dir='ltr'>aliena</span> 
     </span>
     <span class='ocr_line' id='line_1_40' title="bbox 166 4187 1209 4272; baseline -0.001 -30"><span class='ocrx_word' id='word_1_328' title='bbox 166 4189 244 4272; x_wconf 82' lang='lat' dir='ltr'>codd.</span> <span class='ocrx_word' id='word_1_329' title='bbox 710 4213 803 4248; x_wconf 81' lang='lat' dir='ltr'>mauu:</span> <span class='ocrx_word' id='word_1_330' title='bbox 816 4194 910 4266; x_wconf 68' lang='lat' dir='ltr'>lyncas.</span> <span class='ocrx_word' id='word_1_331' title='bbox 919 4195 1086 4265; x_wconf 51' lang='lat' dir='ltr'>Rauenna.</span> <span class='ocrx_word' id='word_1_332' title='bbox 1095 4187 1209 4246; x_wconf 55' lang='lat' dir='ltr'>leotssllo.</span> 
     </span>
    </p>
   </div>
   <div class='ocr_carea' id='block_1_4' title="bbox 0 0 1640 5166">
    <p class='ocr_par' dir='ltr' id='par_1_4' title="bbox 0 0 1640 5166">
     <span class='ocr_line' id='line_1_41' title="bbox 0 0 1640 5166; baseline 0 0"><span class='ocrx_word' id='word_1_333' title='bbox 0 0 1640 5166; x_wconf 95' lang='lat' dir='ltr'> </span> 
     </span>
    </p>
   </div>
  </div>
 </body>
</html>
