3256 5160
330 595 335 612 ἱ
380 507 447 600 496
474 449 480 470 ’
590 509 627 574 r.
653 505 689 572 r.
715 504 873 574 srtru
898 504 1228 575 toutcuuruos

426 634 579 706 Undsbit
590 659 746 729 compos3
761 634 865 704 modo
875 659 988 706 crassa
1000 637 1092 706 exire
1103 634 1230 704 vetabit

426 748 603 830 Flumina,
616 764 650 815 ct
661 752 829 817 Hectoreo
842 747 990 817 tardabit
1000 748 1121 816 irruere
1133 769 1272 830 currus,

428 854 654 952 lmpelletque
668 880 773 925 manu
785 874 937 942 nostros,
951 881 1056 951 opera
1068 859 1176 939 irritu,
1187 879 1316 925 muros.

428 968 527 1038 Peleu
537 966 608 1062 jam
623 966 747 1036 desiste
761 971 874 1064 queri,
888 967 1126 1063 thalamosque
1141 971 1305 1052 minores,
1400 995 1435 1051 9⁰

426 1079 617 1150 Credideris
630 1081 803 1173 peperisse
817 1081 909 1147 Jovi:
926 1103 989 1150 nec
1000 1079 1109 1148 inulto
1122 1077 1269 1163 dolebis,

426 1193 587 1284 Cognatis
599 1208 698 1258 utere
712 1191 824 1258 fretis:
839 1189 928 1260 dubo
939 1189 1058 1260 tollere
1070 1189 1205 1272 fluctus,

425 1307 544 1390 Quum
555 1301 699 1370 reduces
711 1303 834 1386 Danai,
845 1317 1082 1398 nocturnoque
1093 1304 1189 1394 signs
1200 1299 1394 1394 Caphereus

416 1521 460 1591 87.
478 1519 594 1576 Undabit
604 1539 717 1596 campos.
730 1523 795 1593 Reg.
806 1521 827 1574 C
838 1519 886 1574 bs·
931 1522 1006 1596 quod
1016 1543 1032 1578 n
1044 1522 1093 1576 diis
1103 1523 1204 1578 fuerint
1215 1521 1346 1576 instructi.
1366 1521 1434 1574 tter.

378 1600 439 1667 bet,
451 1600 576 1674 Implebit
590 1620 702 1674 campos.
717 1602 765 1652 Eo.
778 1629 815 1640 -
832 1600 888 1652 Un-
966 1622 1010 1676 9⁰·
1025 1605 1107 1658 Peleo
1117 1607 1178 1678 jam
1197 1603 1286 1656 desiste
1307 1601 1387 1676 queri.
1406 1599 1437 1654 ld

378 1680 457 1734 dubit.
469 1682 517 1732 Pro
527 1679 675 1734 inundabit.
688 1709 720 1720 -
731 1678 813 1733 Modo
823 1696 888 1732 cras·
932 1695 988 1749 ost,
1003 1701 1036 1735 ne
1048 1684 1179 1753 queraris,
1193 1679 1266 1754 quod
1277 1679 1355 1732 Peleo
1365 1699 1437 1732 mor-

378 1781 407 1818 sa
427 1763 498 1815 exire
516 1761 612 1814 vetabit
630 1760 764 1813 flumina.
784 1763 887 1832 Nempe
931 1761 1119 1833 tuliuupseris.

379 1841 549 1896 multitudiue
568 1843 726 1894 occisorum.
750 1841 791 1894 cf.
811 1842 885 1895 Poet.
967 1839 1435 1911 91.CrecliderispeperisseJoui.Reg.

379 1921 437 1974 Lot.
461 1923 526 1974 Min.
550 1923 669 1974 Petronii
689 1919 781 1973 arbitri
799 1921 885 1972 Cutm.
932 1921 952 1970 8
976 1918 1072 1985 babet,
1093 1920 1200 1973 crederis
1218 1919 1344 1992 peperisse
1365 1919 1435 1971 Joui.

379 1999 445 2053 Min.
457 1999 491 2052 de
504 2001 626 2052 Somniis.
640 2013 710 2052 nost.
725 1997 787 2052 edit.
801 2011 819 2050 t.
835 2000 887 2067 ill,
931 2000 995 2072 Reg.
1007 2000 1030 2052 C
1044 2014 1161 2052 nicotrum
1174 1999 1234 2051 lect.
1251 1999 1297 2050 Eo.
1308 2029 1340 2039 -
1353 1998 1439 2052 Credi-

378 2099 407 2152 p.
425 2080 484 2150 298.
501 2081 546 2132 Eo.
932 2079 998 2132 deris
1008 2081 1135 2152 peperisse
1152 2079 1222 2130 Ioui.
1244 2079 1297 2129 'l'ot
1316 2079 1386 2129 euim
1406 2093 1437 2128 ec

416 2159 460 2213 88.
479 2159 507 2210 F.
519 2177 541 2210 e.
554 2157 591 2210 H.
605 2156 820 2229 turdulitfunere
829 2175 888 2208 cun-
933 2172 1007 2211 tento
1027 2160 1149 2211 iocinore
1167 2158 1228 2210 edet
1250 2159 1278 2210 in
1297 2155 1437 2208 bochello

380 2258 431 2292 ms.
447 2240 505 2289 Put.
524 2238 636 2290 tardauit
645 2238 752 2308 jussere.
766 2265 801 2275 -
813 2238 888 2288 Hunc
933 2237 1001 2290 lilius
1020 2251 1082 2290 tuus
1101 2237 1231 2303 Achilles,
1250 2250 1279 2288 ut
1294 2236 1367 2288 illum
1382 2253 1438 2287 nou

380 2317 440 2370 lect.
454 2316 536 2369 babet
547 2319 610 2387 Reg.
624 2319 658 2380 8,
677 2329 704 2368 et
721 2314 742 2367 C
759 2328 886 2368 nostrum.
932 2317 966 2370 de
981 2317 1072 2384 Peleo,
1087 2316 1134 2369 sed
1152 2316 1265 2369 delore
1282 2316 1439 2387 concepisse

380 2398 428 2449 Eo.
448 2425 482 2436 -
500 2397 627 2448 Hectoreo
649 2395 748 2460 timere.
772 2394 888 2448 Achilles
934 2396 1036 2449 credes.
1045 2426 1079 2436 -
1088 2394 1190 2448 Inultn.
1205 2397 1273 2448 Nam
1283 2390 1358 2446 multi
1369 2393 1439 2446 Gre-

382 2477 453 2530 cuitu
472 2475 589 2546 slliposit
608 2478 697 2528 currui
719 2493 817 2546 corpus
836 2477 887 2528 lle·
933 2495 1026 2530 oorum
1038 2475 1179 2528 redeuntes
1193 2477 1219 2526 iu
1235 2476 1348 2546 putrium
1363 2471 1440 2545 gravi

204 2560 205 2567 ’
284 2565 288 2572 ’
382 2558 681 2622 ctoris‚uctercircum
695 2555 827 2608 tumulum
838 2555 888 2606 Pa·
933 2556 1073 2624 naufragio
1083 2556 1226 2628 perierunt.

380 2635 459 2690 trocli
471 2639 558 2688 traxit.
570 2665 607 2676 -
620 2637 659 2688 De
673 2634 725 2687 boc
737 2653 814 2687 versu
829 2633 889 2688 vide
970 2651 1013 2704 92.
1029 2635 1151 2710 chnntis
1162 2643 1231 2684 utere
1240 2630 1328 2703 fretis.
1338 2631 1403 2702 Reg.
1419 2631 1440 2682 B

382 2729 475 2768 notata
498 2715 532 2768 ad
553 2733 658 2768 versum
685 2731 770 2780 roos,
786 2715 890 2767 ,lucer-ti
933 2711 1438 2788 hubet‚eopnutisqueutemfretis;lieg.

381 2794 888 2866 Epirum.ltied.H0m.P0et.Lat.Mtn.
934 2793 1092 2846 Cnostrsm
1113 2793 1173 2845 lect.
1192 2792 1240 2844 Eo.
1261 2820 1298 2832 -
1318 2791 1441 2867 coquetis

382 2886 448 2928 tom.
463 2877 512 2940 ΙΙΙ,
525 2895 552 2947 p.
565 2877 627 2930 602.
641 2876 688 2926 Eu.
929 2871 1014 2944 fretis.
1029 2872 1265 2943 consanguinitate·
1278 2872 1440 2942 conjunctis.

419 2954 462 3024 89.
481 2954 657 3028 impelletque
674 2969 756 3006 mnnu
775 2963 888 3020 nostros,
933 2950 1025 3004 Thetis
1039 2953 1110 3004 euim
1122 2953 1200 3004 Nerei
1212 2949 1326 3003 estillic.
1342 2952 1440 3004 Senem

383 3053 460 3106 opem
473 3035 560 3100 irrita,
573 3051 667 3086 metros.
678 3034 741 3102 ΗΘΒ.
754 3031 781 3082 Β.
794 3029 889 3090 babet.
936 3043 976 3084 est
986 3053 992 3082 ι
1002 3033 1080 3083 Tunc
1098 3030 1146 3082 tibi
1162 3029 1309 3082 concedam
1326 3045 1355 3083 ut
1366 3043 1441 3082 mane

382 3111 557 3186 Impelletque
580 3131 693 3174 munus,·
716 3113 780 3180 ung.
802 3111 823 3162 C
841 3127 891 3160 uo·
935 3122 1093 3182 tempestate
1103 3110 1346 3184 perturbes‚quum
1357 3110 1442 3163 Greci

384 3209 466 3248 strum
487 3195 548 3247 lect.
572 3197 619 3246 Eo.
630 3223 667 3234 —
678 3191 812 3264 Impellet.
829 3193 889 3262 lpse
936 3192 1236 3264 everssTrojsdomum
1246 3195 1362 3245 victores
1372 3191 1442 3244 redi-

383 3291 464 3326 manu
478 3292 526 3326 suu
537 3275 668 3344 Trojanos
683 3289 772 3323 muros
787 3286 889 3322 coucu·
934 3269 1001 3324 bunt
1023 3273 1148 3325 liutmun.

384 3355 440 3405 tiet.
464 3355 577 3406 Nostros
600 3371 711 3417 muros,
733 3369 749 3402 s
773 3368 814 3402 me
835 3365 890 3402 uns
969 3352 1014 3422 93.
1031 3353 1062 3421 Q.
1079 3369 1099 3404 r.
1121 3353 1155 3404 D.
1180 3371 1226 3425 ης.
1244 3352 1319 3425 siqua
1336 3350 1441 3423 Cuplsa-

384 3451 444 3486 cum
468 3433 592 3505 Apolline
612 3433 765 3510 febripstos.
789 3429 890 3484 Fubulu
929 3443 998 3486 ms.
1017 3433 1081 3502 fleg.
1098 3430 1254 3498 Bexhibet‚
1275 3430 1441 3502 Caphereum,-

383 3513 463 3567 trudit
483 3512 634 3585 Apollinem
653 3527 679 3566 et
696 3515 852 3585 Neptunum
874 3529 890 3564 a
934 3513 998 3584 ch.
1009 3514 1047 3576 C,
1062 3511 1193 3583 Cafareus.
1205 3513 1388 3582 Eu-Quum
1402 3529 1441 3563 re-

383 3591 747 3664 Iuomedonte'l'rojauorum
755 3609 891 3663 rogemur·
934 3593 1012 3646 duees
1034 3593 1141 3656 Danai,
1166 3603 1344 3664 omnemnque
1364 3591 1442 3665 sipnu

385 3670 449 3724 cede
460 3671 608 3723 conductos
615 3672 747 3742 Trojeuos
755 3687 845 3722 muron
855 3670 890 3720 ln·
937 3672 1085 3744 Caphereus
1091 3672 1194 3726 Exuet.
1202 3669 1441 3742 Tangitlubulem‚

384 3752 514 3816 brienum
525 3752 672 3806 mercedem
688 3765 776 3804 autem
792 3769 808 3802 u
821 3751 890 3802 Lao·
936 3769 987 3824 quo
1003 3750 1100 3803 dicitur
1110 3750 1257 3822 Nauplius,
1274 3749 1310 3803 ob
1329 3751 1442 3802 iuterfe-

384 3832 508 3886 medonte
518 3848 641 3903 negatam
651 3849 723 3894 esso,
740 3829 814 3901 quod
829 3847 891 3902 pro·
936 3843 1031 3882 otuma
1041 3831 1152 3898 Grecis,
1165 3830 1265 3902 Ulyssis
1273 3827 1380 3894 froude,
1392 3831 1442 3880 Pa-

383 3925 474 3983 ptereu
486 3911 577 3964 fictum
590 3925 643 3976 est,
656 3912 718 3980 quis
734 3908 890 3961 Laomedon
936 3909 1067 3962 lurnedem
1085 3910 1181 3974 lilium,
1196 3927 1242 3961 eos
1257 3911 1337 3979 'l'rojn
1351 3907 1442 3960 diruta

385 3989 517 4044 decretam
531 3988 673 4060 pecuniam
687 3989 714 4039 in
732 3986 890 4058 templorum
935 3989 1044 4041 domurn
1053 3987 1276 4055 redeuntes‚dum
1286 4001 1368 4040 noctu
1379 4005 1441 4058 pro-

385 4069 515 4142 Apolliuis
526 4069 676 4140 etNeptuni
686 4066 890 4118 {edificationem
935 4067 1001 4120 cella
1011 4067 1177 4133 laborarent,
1188 4067 1246 4118 face
1259 4080 1347 4119 exer-tu
1359 4085 1373 4118 e
1387 4066 1441 4118 Ga-

384 4150 419 4202 sd
431 4148 540 4202 bellicos
551 4167 616 4202 usus
628 4148 815 4200 transtulit—
827 4149 891 4220 Ope·
935 4145 1154 4220 pbareoEuboete
1172 4145 1263 4198 insulse
1281 4158 1441 4217 promonto-

385 4249 413 4280 ra
430 4232 511 4282 irritu.
527 4229 631 4298 Quibus
648 4227 715 4280 nihil
731 4226 891 4298 proderunt,
936 4230 1136 4296 rio‚iusuxset
1150 4223 1275 4298 scopulos
1288 4226 1442 4292 attraxisse,
