<?xml version="1.0" encoding="UTF-8"?>
<!DOCTYPE html PUBLIC "-//W3C//DTD XHTML 1.0 Transitional//EN"
    "http://www.w3.org/TR/xhtml1/DTD/xhtml1-transitional.dtd">
<html xmlns="http://www.w3.org/1999/xhtml" xml:lang="en" lang="en">
 <head>
  <title>
</title>
<meta http-equiv="Content-Type" content="text/html;charset=utf-8" />
  <meta name='ocr-system' content='tesseract 3.04.00' />
  <meta name='ocr-capabilities' content='ocr_page ocr_carea ocr_par ocr_line ocrx_word'/>
</head>
<body>
  <div class='ocr_page' id='page_1' title='image "./libriquinquesil00statgoog_0442.png"; bbox 0 0 3256 5160; ppageno 0'>
   <div class='ocr_carea' id='block_1_1' title="bbox 567 554 1222 642">
    <p class='ocr_par' dir='ltr' id='par_1_1' title="bbox 567 554 1222 642">
     <span class='ocr_line' id='line_1_1' title="bbox 567 554 1222 642; baseline 0.011 -24"><span class='ocrx_word' id='word_1_1' title='bbox 567 554 710 642; x_wconf 79' lang='lat' dir='ltr'><strong>trouu</strong></span> <span class='ocrx_word' id='word_1_2' title='bbox 736 554 819 618; x_wconf 89' lang='lat' dir='ltr'><strong>xu.</strong></span> <span class='ocrx_word' id='word_1_3' title='bbox 1156 558 1222 640; x_wconf 75' lang='lat'><strong>435</strong></span> 
     </span>
    </p>
   </div>
   <div class='ocr_carea' id='block_1_2' title="bbox 220 678 1262 2207">
    <p class='ocr_par' dir='ltr' id='par_1_2' title="bbox 220 678 1262 2207">
     <span class='ocr_line' id='line_1_2' title="bbox 268 678 1133 773; baseline 0.005 -25"><span class='ocrx_word' id='word_1_4' title='bbox 268 684 345 748; x_wconf 85' lang='lat' dir='ltr'><strong>Jsm</strong></span> <span class='ocrx_word' id='word_1_5' title='bbox 357 696 453 773; x_wconf 81' lang='lat' dir='ltr'><strong>pater</strong></span> <span class='ocrx_word' id='word_1_6' title='bbox 465 682 628 773; x_wconf 88' lang='lat' dir='ltr'><strong>Hesperio</strong></span> <span class='ocrx_word' id='word_1_7' title='bbox 640 678 839 772; x_wconf 72' lang='lat' dir='ltr'><strong>flagrantem</strong></span> <span class='ocrx_word' id='word_1_8' title='bbox 851 683 982 773; x_wconf 74' lang='lat' dir='ltr'><strong>gurgite</strong></span> <span class='ocrx_word' id='word_1_9' title='bbox 994 705 1133 752; x_wconf 86' lang='lat' dir='ltr'><strong>curtum</strong></span> 
     </span>
     <span class='ocr_line' id='line_1_3' title="bbox 221 789 984 875; baseline 0.003 -16"><span class='ocrx_word' id='word_1_10' title='bbox 221 790 617 875; x_wconf 79' lang='lat' dir='ltr'><strong>AbdiderstTitsn‚eliis</strong></span> <span class='ocrx_word' id='word_1_11' title='bbox 629 789 801 864; x_wconf 88' lang='lat' dir='ltr'><strong>rediturus</strong></span> <span class='ocrx_word' id='word_1_12' title='bbox 813 792 984 874; x_wconf 81' lang='lat' dir='ltr'><strong>abundis,</strong></span> 
     </span>
     <span class='ocr_line' id='line_1_4' title="bbox 220 899 1226 994; baseline 0.003 -25"><span class='ocrx_word' id='word_1_13' title='bbox 220 905 335 988; x_wconf 90' lang='lat' dir='ltr'><strong>Quum</strong></span> <span class='ocrx_word' id='word_1_14' title='bbox 349 918 464 972; x_wconf 81' lang='lat' dir='ltr'><strong>tomen</strong></span> <span class='ocrx_word' id='word_1_15' title='bbox 475 900 533 970; x_wconf 87' lang='lat' dir='ltr'><strong>illa</strong></span> <span class='ocrx_word' id='word_1_16' title='bbox 545 925 683 994; x_wconf 78' lang='lat' dir='ltr'><strong>gravem</strong></span> <span class='ocrx_word' id='word_1_17' title='bbox 694 899 790 970; x_wconf 89' lang='lat' dir='ltr'><strong>luctu</strong></span> <span class='ocrx_word' id='word_1_18' title='bbox 803 900 940 970; x_wconf 84' lang='lat' dir='ltr'><strong>fallente</strong></span> <span class='ocrx_word' id='word_1_19' title='bbox 952 900 1102 972; x_wconf 84' lang='lat' dir='ltr'><strong>laborem</strong></span> <span class='ocrx_word' id='word_1_20' title='bbox 1174 921 1226 973; x_wconf 83' lang='lat'><strong>230</strong></span> 
     </span>
     <span class='ocr_line' id='line_1_5' title="bbox 221 1013 984 1106; baseline 0 -24"><span class='ocrx_word' id='word_1_21' title='bbox 221 1016 335 1084; x_wconf 86' lang='lat' dir='ltr'>Nescit</span> <span class='ocrx_word' id='word_1_22' title='bbox 344 1013 454 1085; x_wconf 84' lang='lat' dir='ltr'><strong>abisse</strong></span> <span class='ocrx_word' id='word_1_23' title='bbox 467 1014 573 1083; x_wconf 90' lang='lat' dir='ltr'><strong>diem:</strong></span> <span class='ocrx_word' id='word_1_24' title='bbox 587 1037 650 1085; x_wconf 86' lang='lat' dir='ltr'><strong>nec</strong></span> <span class='ocrx_word' id='word_1_25' title='bbox 662 1013 882 1106; x_wconf 77' lang='lat' dir='ltr'><strong>caligantibus</strong></span> <span class='ocrx_word' id='word_1_26' title='bbox 893 1017 984 1082; x_wconf 83' lang='lat' dir='ltr'><strong>arvis</strong></span> 
     </span>
     <span class='ocr_line' id='line_1_6' title="bbox 221 1124 1032 1218; baseline -0.001 -25"><span class='ocrx_word' id='word_1_27' title='bbox 221 1129 399 1210; x_wconf 86' lang='lat' dir='ltr'><strong>Terretur,</strong></span> <span class='ocrx_word' id='word_1_28' title='bbox 412 1149 475 1194; x_wconf 89' lang='lat' dir='ltr'><strong>nec</strong></span> <span class='ocrx_word' id='word_1_29' title='bbox 487 1124 612 1218; x_wconf 79' lang='lat' dir='ltr'><strong>frangit</strong></span> <span class='ocrx_word' id='word_1_30' title='bbox 623 1128 701 1207; x_wconf 87' lang='lat' dir='ltr'><strong>iter,</strong></span> <span class='ocrx_word' id='word_1_31' title='bbox 714 1148 775 1217; x_wconf 92' lang='lat' dir='ltr'><strong>per</strong></span> <span class='ocrx_word' id='word_1_32' title='bbox 787 1141 822 1192; x_wconf 90' lang='lat' dir='ltr'><strong>et</strong></span> <span class='ocrx_word' id='word_1_33' title='bbox 832 1127 923 1192; x_wconf 84' lang='lat' dir='ltr'><strong>invia</strong></span> <span class='ocrx_word' id='word_1_34' title='bbox 935 1148 1032 1206; x_wconf 80' lang='lat' dir='ltr'><strong>saxa,</strong></span> 
     </span>
     <span class='ocr_line' id='line_1_7' title="bbox 222 1237 1127 1332; baseline 0.003 -29"><span class='ocrx_word' id='word_1_35' title='bbox 222 1240 459 1332; x_wconf 84' lang='lat' dir='ltr'><strong>Lapsumsque</strong></span> <span class='ocrx_word' id='word_1_36' title='bbox 471 1237 861 1332; x_wconf 87' lang='lat' dir='ltr'><strong>trabes‚nemorumque</strong></span> <span class='ocrx_word' id='word_1_37' title='bbox 872 1260 997 1306; x_wconf 81' lang='lat' dir='ltr'><strong>arcana</strong></span> <span class='ocrx_word' id='word_1_38' title='bbox 1008 1261 1127 1307; x_wconf 89' lang='lat' dir='ltr'><strong>sereno</strong></span> 
     </span>
     <span class='ocr_line' id='line_1_8' title="bbox 225 1347 978 1445; baseline 0 -29"><span class='ocrx_word' id='word_1_39' title='bbox 225 1351 327 1441; x_wconf 79' lang='lat' dir='ltr'><strong>Nigra</strong></span> <span class='ocrx_word' id='word_1_40' title='bbox 339 1347 408 1431; x_wconf 87' lang='lat' dir='ltr'><strong>die,</strong></span> <span class='ocrx_word' id='word_1_41' title='bbox 421 1352 586 1445; x_wconf 75' lang='lat' dir='ltr'><strong>caecisque</strong></span> <span class='ocrx_word' id='word_1_42' title='bbox 598 1351 704 1418; x_wconf 81' lang='lat' dir='ltr'><strong>incise</strong></span> <span class='ocrx_word' id='word_1_43' title='bbox 714 1348 848 1416; x_wconf 85' lang='lat' dir='ltr'><strong>novalia</strong></span> <span class='ocrx_word' id='word_1_44' title='bbox 859 1349 978 1431; x_wconf 84' lang='lat' dir='ltr'><strong>fossis,</strong></span> 
     </span>
     <span class='ocr_line' id='line_1_9' title="bbox 222 1459 1225 1554; baseline 0 -26"><span class='ocrx_word' id='word_1_45' title='bbox 222 1465 286 1528; x_wconf 89' lang='lat' dir='ltr'><strong>Per</strong></span> <span class='ocrx_word' id='word_1_46' title='bbox 297 1459 419 1529; x_wconf 84' lang='lat' dir='ltr'><strong>fluvios</strong></span> <span class='ocrx_word' id='word_1_47' title='bbox 432 1484 551 1530; x_wconf 81' lang='lat' dir='ltr'><strong>secura</strong></span> <span class='ocrx_word' id='word_1_48' title='bbox 562 1459 655 1544; x_wconf 79' lang='lat' dir='ltr'>vadi,</span> <span class='ocrx_word' id='word_1_49' title='bbox 669 1483 875 1554; x_wconf 78' lang='lat' dir='ltr'><strong>somnosque</strong></span> <span class='ocrx_word' id='word_1_50' title='bbox 887 1461 1035 1528; x_wconf 84' lang='lat' dir='ltr'><strong>ferorum</strong></span> <span class='ocrx_word' id='word_1_51' title='bbox 1176 1475 1225 1528; x_wconf 82' lang='lat'><strong>23⁵</strong></span> 
     </span>
     <span class='ocr_line' id='line_1_10' title="bbox 223 1569 1055 1652; baseline 0.001 -15"><span class='ocrx_word' id='word_1_52' title='bbox 223 1574 363 1652; x_wconf 89' lang='lat' dir='ltr'><strong>Praeter,</strong></span> <span class='ocrx_word' id='word_1_53' title='bbox 376 1587 410 1638; x_wconf 91' lang='lat' dir='ltr'><strong>et</strong></span> <span class='ocrx_word' id='word_1_54' title='bbox 421 1569 598 1640; x_wconf 83' lang='lat' dir='ltr'><strong>horrendis</strong></span> <span class='ocrx_word' id='word_1_55' title='bbox 610 1575 739 1640; x_wconf 86' lang='lat' dir='ltr'><strong>insessa</strong></span> <span class='ocrx_word' id='word_1_56' title='bbox 749 1569 874 1640; x_wconf 84' lang='lat' dir='ltr'><strong>cubilia</strong></span> <span class='ocrx_word' id='word_1_57' title='bbox 884 1573 1055 1640; x_wconf 78' lang='lat' dir='ltr'>monstris.</span> 
     </span>
     <span class='ocr_line' id='line_1_11' title="bbox 223 1680 1209 1782; baseline 0.001 -33"><span class='ocrx_word' id='word_1_58' title='bbox 223 1684 372 1750; x_wconf 81' lang='lat' dir='ltr'><strong>Tantum</strong></span> <span class='ocrx_word' id='word_1_59' title='bbox 383 1685 502 1766; x_wconf 82' lang='lat' dir='ltr'><strong>enimi,</strong></span> <span class='ocrx_word' id='word_1_60' title='bbox 515 1682 694 1778; x_wconf 89' lang='lat' dir='ltr'><strong>luctusque</strong></span> <span class='ocrx_word' id='word_1_61' title='bbox 706 1683 836 1782; x_wconf 69' lang='lat' dir='ltr'><strong>ualent!</strong></span> <span class='ocrx_word' id='word_1_62' title='bbox 850 1680 957 1775; x_wconf 88' lang='lat' dir='ltr'><strong>pudet</strong></span> <span class='ocrx_word' id='word_1_63' title='bbox 968 1683 1017 1750; x_wconf 90' lang='lat' dir='ltr'><strong>ire</strong></span> <span class='ocrx_word' id='word_1_64' title='bbox 1027 1687 1209 1750; x_wconf 85' lang='lat' dir='ltr'><strong>Menoete&#39;tn</strong></span> 
     </span>
     <span class='ocr_line' id='line_1_12' title="bbox 224 1790 1104 1888; baseline 0.003 -31"><span class='ocrx_word' id='word_1_65' title='bbox 224 1790 780 1888; x_wconf 71' lang='lat' dir='ltr'><strong>Tardius,iuvalidaequegradum</strong></span> <span class='ocrx_word' id='word_1_66' title='bbox 791 1792 1104 1876; x_wconf 84' lang='lat' dir='ltr'><strong>miraturalumnae.</strong></span> 
     </span>
     <span class='ocr_line' id='line_1_13' title="bbox 223 1887 1262 1999; baseline 0.005 -30"><span class='ocrx_word' id='word_1_67' title='bbox 223 1905 314 1989; x_wconf 84' lang='lat' dir='ltr'><strong>Quas</strong></span> <span class='ocrx_word' id='word_1_68' title='bbox 326 1927 396 1971; x_wconf 89' lang='lat' dir='ltr'><strong>non</strong></span> <span class='ocrx_word' id='word_1_69' title='bbox 407 1902 464 1972; x_wconf 86' lang='lat' dir='ltr'><strong>illa</strong></span> <span class='ocrx_word' id='word_1_70' title='bbox 476 1904 597 1974; x_wconf 91' lang='lat' dir='ltr'><strong>domos</strong></span> <span class='ocrx_word' id='word_1_71' title='bbox 608 1928 839 1999; x_wconf 84' lang='lat' dir='ltr'><strong>pecorumque</strong></span> <span class='ocrx_word' id='word_1_72' title='bbox 852 1887 1098 1998; x_wconf 76' lang='lat' dir='ltr'><strong>hominumque</strong></span> <span class='ocrx_word' id='word_1_73' title='bbox 1109 1901 1262 1974; x_wconf 91' lang='lat' dir='ltr'><strong>modesto</strong></span> 
     </span>
     <span class='ocr_line' id='line_1_14' title="bbox 226 2014 1233 2112; baseline 0 -31"><span class='ocrx_word' id='word_1_74' title='bbox 226 2014 374 2083; x_wconf 84' lang='lat' dir='ltr'><strong>Pulsavit</strong></span> <span class='ocrx_word' id='word_1_75' title='bbox 385 2019 680 2112; x_wconf 77' lang='lat' dir='ltr'><strong>gemituiquoties</strong></span> <span class='ocrx_word' id='word_1_76' title='bbox 694 2019 840 2086; x_wconf 89' lang='lat' dir='ltr'><strong>amissus</strong></span> <span class='ocrx_word' id='word_1_77' title='bbox 852 2018 946 2086; x_wconf 87' lang='lat' dir='ltr'><strong>eunti</strong></span> <span class='ocrx_word' id='word_1_78' title='bbox 1181 2029 1233 2096; x_wconf 74' lang='lat' dir='ltr'><strong>ato</strong></span> 
     </span>
     <span class='ocr_line' id='line_1_15' title="bbox 225 2117 1026 2207; baseline 0.002 -16"><span class='ocrx_word' id='word_1_79' title='bbox 225 2117 355 2207; x_wconf 80' lang='lat' dir='ltr'><strong>Limes,</strong></span> <span class='ocrx_word' id='word_1_80' title='bbox 368 2141 403 2193; x_wconf 90' lang='lat' dir='ltr'><strong>et</strong></span> <span class='ocrx_word' id='word_1_81' title='bbox 413 2143 584 2196; x_wconf 86' lang='lat' dir='ltr'><strong>errantem</strong></span> <span class='ocrx_word' id='word_1_82' title='bbox 596 2131 736 2196; x_wconf 84' lang='lat' dir='ltr'><strong>comites</strong></span> <span class='ocrx_word' id='word_1_83' title='bbox 749 2126 868 2196; x_wconf 84' lang='lat' dir='ltr'><strong>solatia</strong></span> <span class='ocrx_word' id='word_1_84' title='bbox 879 2123 1026 2194; x_wconf 82' lang='lat' dir='ltr'><strong>flammae</strong></span> 
     </span>
    </p>
   </div>
   <div class='ocr_carea' id='block_1_3' title="bbox 107 2367 1331 4352">
    <p class='ocr_par' dir='ltr' id='par_1_3' title="bbox 180 2367 1234 2502">
     <span class='ocr_line' id='line_1_16' title="bbox 216 2367 1234 2442; baseline 0.003 -23"><span class='ocrx_word' id='word_1_85' title='bbox 216 2367 277 2420; x_wconf 77' lang='lat'><strong>231.</strong></span> <span class='ocrx_word' id='word_1_86' title='bbox 289 2368 683 2442; x_wconf 70' lang='lat' dir='ltr'><strong>Caliqants&#39;btu.Altsentiasolis</strong></span> <span class='ocrx_word' id='word_1_87' title='bbox 729 2387 800 2422; x_wconf 73' lang='lat' dir='ltr'><strong>mam</strong></span> <span class='ocrx_word' id='word_1_88' title='bbox 812 2367 874 2422; x_wconf 84' lang='lat' dir='ltr'><strong>leet.</strong></span> <span class='ocrx_word' id='word_1_89' title='bbox 897 2369 962 2440; x_wconf 68' lang='lat' dir='ltr'><strong>Reg.</strong></span> <span class='ocrx_word' id='word_1_90' title='bbox 985 2369 1005 2420; x_wconf 77' lang='lat' dir='ltr'><strong>tt</strong></span> <span class='ocrx_word' id='word_1_91' title='bbox 1022 2367 1117 2434; x_wconf 77' lang='lat' dir='ltr'><strong>hebet,</strong></span> <span class='ocrx_word' id='word_1_92' title='bbox 1131 2368 1194 2440; x_wconf 67' lang='lat' dir='ltr'><strong>lieg.</strong></span> <span class='ocrx_word' id='word_1_93' title='bbox 1213 2369 1234 2422; x_wconf 90' lang='lat' dir='ltr'>C</span> 
     </span>
     <span class='ocr_line' id='line_1_17' title="bbox 180 2446 913 2502; baseline 0.004 -4"><span class='ocrx_word' id='word_1_94' title='bbox 180 2446 336 2500; x_wconf 82' lang='lat' dir='ltr'><strong>obscuretis.</strong></span> <span class='ocrx_word' id='word_1_95' title='bbox 729 2462 857 2502; x_wconf 74' lang='lat' dir='ltr'><strong>nostram.</strong></span> <span class='ocrx_word' id='word_1_96' title='bbox 866 2450 913 2501; x_wconf 84' lang='lat' dir='ltr'><strong>En.</strong></span> 
     </span>
    </p>

    <p class='ocr_par' dir='ltr' id='par_1_4' title="bbox 178 2525 1236 2758">
     <span class='ocr_line' id='line_1_18' title="bbox 217 2525 1234 2601; baseline 0.003 -23"><span class='ocrx_word' id='word_1_97' title='bbox 217 2527 276 2579; x_wconf 78' lang='lat'>232.</span> <span class='ocrx_word' id='word_1_98' title='bbox 293 2526 325 2578; x_wconf 81' lang='grc' dir='ltr'><strong>Τ.</strong></span> <span class='ocrx_word' id='word_1_99' title='bbox 336 2545 363 2577; x_wconf 90' lang='lat' dir='ltr'><strong>n.</strong></span> <span class='ocrx_word' id='word_1_100' title='bbox 394 2566 399 2578; x_wconf 95' lang='lat'><em>.</em></span> <span class='ocrx_word' id='word_1_101' title='bbox 416 2529 432 2578; x_wconf 90' lang='lat' dir='ltr'><strong>i.</strong></span> <span class='ocrx_word' id='word_1_102' title='bbox 442 2539 523 2601; x_wconf 82' lang='lat' dir='ltr'><strong>peret</strong></span> <span class='ocrx_word' id='word_1_103' title='bbox 532 2527 604 2580; x_wconf 84' lang='lat' dir='ltr'><strong>invia</strong></span> <span class='ocrx_word' id='word_1_104' title='bbox 613 2545 683 2580; x_wconf 79' lang='lat' dir='ltr'><strong>sexa.</strong></span> <span class='ocrx_word' id='word_1_105' title='bbox 766 2527 826 2581; x_wconf 83' lang='lat'>236.</span> <span class='ocrx_word' id='word_1_106' title='bbox 839 2529 950 2588; x_wconf 63' lang='lat' dir='ltr'><strong>Praeter,</strong></span> <span class='ocrx_word' id='word_1_107' title='bbox 964 2539 989 2580; x_wconf 85' lang='lat' dir='ltr'><strong>et</strong></span> <span class='ocrx_word' id='word_1_108' title='bbox 1001 2525 1133 2579; x_wconf 78' lang='lat' dir='ltr'><strong>horrendis</strong></span> <span class='ocrx_word' id='word_1_109' title='bbox 1143 2527 1234 2581; x_wconf 81' lang='lat' dir='ltr'><strong>iruessn</strong></span> 
     </span>
     <span class='ocr_line' id='line_1_19' title="bbox 179 2601 1233 2660; baseline 0.001 -3"><span class='ocrx_word' id='word_1_110' title='bbox 179 2601 686 2659; x_wconf 75' lang='lat' dir='ltr'><strong>InnonnuiiiscodtLBarth.etunoBe·</strong></span> <span class='ocrx_word' id='word_1_111' title='bbox 730 2607 826 2660; x_wconf 82' lang='lat' dir='ltr'><strong>cubilia</strong></span> <span class='ocrx_word' id='word_1_112' title='bbox 847 2607 974 2660; x_wconf 78' lang='lat' dir='ltr'><strong>monstris.</strong></span> <span class='ocrx_word' id='word_1_113' title='bbox 995 2608 1092 2658; x_wconf 79' lang='lat' dir='ltr'><strong>Deum.</strong></span> <span class='ocrx_word' id='word_1_114' title='bbox 1114 2625 1145 2658; x_wconf 85' lang='lat' dir='ltr'><strong>ex</strong></span> <span class='ocrx_word' id='word_1_115' title='bbox 1172 2606 1233 2659; x_wconf 89' lang='lat' dir='ltr'><strong>eod.</strong></span> 
     </span>
     <span class='ocr_line' id='line_1_20' title="bbox 178 2683 1236 2758; baseline -0.001 -20"><span class='ocrx_word' id='word_1_116' title='bbox 178 2683 236 2738; x_wconf 83' lang='lat' dir='ltr'><strong>hot.</strong></span> <span class='ocrx_word' id='word_1_117' title='bbox 251 2685 318 2758; x_wconf 81' lang='lat' dir='ltr'><strong>petit</strong></span> <span class='ocrx_word' id='word_1_118' title='bbox 329 2687 403 2737; x_wconf 84' lang='lat' dir='ltr'><strong>inuio</strong></span> <span class='ocrx_word' id='word_1_119' title='bbox 413 2704 484 2739; x_wconf 74' lang='lat' dir='ltr'><strong>sone.</strong></span> <span class='ocrx_word' id='word_1_120' title='bbox 495 2716 532 2728; x_wconf 89' lang='lat'><em>-</em></span> <span class='ocrx_word' id='word_1_121' title='bbox 543 2687 600 2740; x_wconf 88' lang='lat' dir='ltr'><strong>Nec</strong></span> <span class='ocrx_word' id='word_1_122' title='bbox 606 2685 686 2756; x_wconf 83' lang='lat' dir='ltr'><strong>sran-</strong></span> <span class='ocrx_word' id='word_1_123' title='bbox 730 2703 779 2739; x_wconf 85' lang='lat' dir='ltr'><strong>tuo</strong></span> <span class='ocrx_word' id='word_1_124' title='bbox 789 2689 969 2757; x_wconf 78' lang='lat' dir='ltr'><strong>manuscripto</strong></span> <span class='ocrx_word' id='word_1_125' title='bbox 982 2685 1061 2737; x_wconf 82' lang='lat' dir='ltr'><strong>affert</strong></span> <span class='ocrx_word' id='word_1_126' title='bbox 1071 2707 1077 2736; x_wconf 71' lang='grc' dir='ltr'><em>ι</em></span> <span class='ocrx_word' id='word_1_127' title='bbox 1088 2686 1185 2739; x_wconf 78' lang='lat' dir='ltr'><strong>obsessa</strong></span> <span class='ocrx_word' id='word_1_128' title='bbox 1194 2704 1236 2737; x_wconf 84' lang='lat' dir='ltr'><strong>cu·</strong></span> 
     </span>
    </p>

    <p class='ocr_par' dir='ltr' id='par_1_5' title="bbox 107 2763 1234 2917">
     <span class='ocr_line' id='line_1_21' title="bbox 107 2763 1232 2838; baseline 0.003 -23"><span class='ocrx_word' id='word_1_129' title='bbox 107 2797 110 2809; x_wconf 86' lang='lat'>·</span> <span class='ocrx_word' id='word_1_130' title='bbox 178 2764 219 2838; x_wconf 68' lang='lat' dir='ltr'><strong>qu</strong></span> <span class='ocrx_word' id='word_1_131' title='bbox 234 2765 289 2816; x_wconf 77' lang='lat' dir='ltr'><strong>iter.</strong></span> <span class='ocrx_word' id='word_1_132' title='bbox 305 2766 365 2818; x_wconf 80' lang='lat' dir='ltr'><strong>Non</strong></span> <span class='ocrx_word' id='word_1_133' title='bbox 377 2766 489 2833; x_wconf 84' lang='lat' dir='ltr'><strong>minuit,</strong></span> <span class='ocrx_word' id='word_1_134' title='bbox 502 2763 545 2819; x_wconf 83' lang='lat' dir='ltr'><strong>rel</strong></span> <span class='ocrx_word' id='word_1_135' title='bbox 559 2765 683 2818; x_wconf 83' lang='lat' dir='ltr'><strong>deflectit.</strong></span> <span class='ocrx_word' id='word_1_136' title='bbox 730 2767 807 2828; x_wconf 82' lang='lat' dir='ltr'><strong>bilia,-</strong></span> <span class='ocrx_word' id='word_1_137' title='bbox 824 2766 1128 2837; x_wconf 74' lang='lat' dir='ltr'><strong>Lang.Leur.1.ipsian.</strong></span> <span class='ocrx_word' id='word_1_138' title='bbox 1146 2766 1232 2818; x_wconf 89' lang='lat' dir='ltr'><strong>Colin.</strong></span> 
     </span>
     <span class='ocr_line' id='line_1_22' title="bbox 179 2844 1234 2917; baseline 0.001 -21"><span class='ocrx_word' id='word_1_139' title='bbox 179 2844 307 2898; x_wconf 69' lang='lat' dir='ltr'><strong>lucrum</strong></span> <span class='ocrx_word' id='word_1_140' title='bbox 730 2848 808 2901; x_wconf 82' lang='lat' dir='ltr'><strong>Besil.</strong></span> <span class='ocrx_word' id='word_1_141' title='bbox 828 2861 854 2900; x_wconf 88' lang='lat' dir='ltr'><strong>et</strong></span> <span class='ocrx_word' id='word_1_142' title='bbox 871 2846 955 2900; x_wconf 79' lang='lat' dir='ltr'><strong>Piens.</strong></span> <span class='ocrx_word' id='word_1_143' title='bbox 972 2846 1067 2917; x_wconf 80' lang='lat' dir='ltr'><strong>infeste</strong></span> <span class='ocrx_word' id='word_1_144' title='bbox 1082 2846 1188 2899; x_wconf 77' lang='lat' dir='ltr'><strong>cubilia.</strong></span> <span class='ocrx_word' id='word_1_145' title='bbox 1198 2877 1234 2887; x_wconf 92' lang='lat'><em>-</em></span> 
     </span>
    </p>

    <p class='ocr_par' dir='ltr' id='par_1_6' title="bbox 178 2923 1331 3158">
     <span class='ocr_line' id='line_1_23' title="bbox 217 2923 1331 2998; baseline 0.006 -22"><span class='ocrx_word' id='word_1_146' title='bbox 217 2923 277 2977; x_wconf 77' lang='lat'><strong>233.</strong></span> <span class='ocrx_word' id='word_1_147' title='bbox 291 2925 419 2997; x_wconf 75' lang='lat' dir='ltr'><strong>lapsuras</strong></span> <span class='ocrx_word' id='word_1_148' title='bbox 431 2925 522 2978; x_wconf 82' lang='lat' dir='ltr'><strong>trabes.</strong></span> <span class='ocrx_word' id='word_1_149' title='bbox 537 2924 686 2977; x_wconf 81' lang='lat' dir='ltr'><strong>Atidessr·</strong></span> <span class='ocrx_word' id='word_1_150' title='bbox 729 2931 804 2980; x_wconf 84' lang='lat' dir='ltr'><strong>Hauc</strong></span> <span class='ocrx_word' id='word_1_151' title='bbox 818 2927 879 2982; x_wconf 88' lang='lat' dir='ltr'><strong>lect.</strong></span> <span class='ocrx_word' id='word_1_152' title='bbox 896 2927 975 2980; x_wconf 84' lang='lat' dir='ltr'><strong>habet</strong></span> <span class='ocrx_word' id='word_1_153' title='bbox 989 2929 1053 2996; x_wconf 74' lang='lat' dir='ltr'><strong>Reg.</strong></span> <span class='ocrx_word' id='word_1_154' title='bbox 1067 2927 1100 2989; x_wconf 67' lang='lat'><strong>133</strong></span> <span class='ocrx_word' id='word_1_155' title='bbox 1117 2929 1181 2998; x_wconf 72' lang='lat' dir='ltr'><strong>Reg.</strong></span> <span class='ocrx_word' id='word_1_156' title='bbox 1196 2927 1232 2996; x_wconf 89' lang='lat' dir='ltr'><strong>C,</strong></span> <span class='ocrx_word' id='word_1_157' title='bbox 1326 2971 1331 2983; x_wconf 88' lang='lat'>.</span> 
     </span>
     <span class='ocr_line' id='line_1_24' title="bbox 179 3003 1148 3076; baseline -0.003 -16"><span class='ocrx_word' id='word_1_158' title='bbox 179 3003 273 3070; x_wconf 83' lang='lat' dir='ltr'><strong>bores,</strong></span> <span class='ocrx_word' id='word_1_159' title='bbox 285 3006 341 3075; x_wconf 77' lang='lat' dir='ltr'><strong>jem</strong></span> <span class='ocrx_word' id='word_1_160' title='bbox 352 3006 381 3056; x_wconf 86' lang='lat' dir='ltr'><strong>in</strong></span> <span class='ocrx_word' id='word_1_161' title='bbox 391 3003 478 3058; x_wconf 80' lang='lat' dir='ltr'><strong>trebes</strong></span> <span class='ocrx_word' id='word_1_162' title='bbox 492 3003 621 3057; x_wconf 77' lang='lat' dir='ltr'><strong>redactas.</strong></span> <span class='ocrx_word' id='word_1_163' title='bbox 634 3005 685 3056; x_wconf 86' lang='lat' dir='ltr'><strong>Des</strong></span> <span class='ocrx_word' id='word_1_164' title='bbox 729 3006 831 3076; x_wconf 82' lang='lat' dir='ltr'><strong>Infessa</strong></span> <span class='ocrx_word' id='word_1_165' title='bbox 845 3005 941 3059; x_wconf 82' lang='lat' dir='ltr'><strong>cubilia</strong></span> <span class='ocrx_word' id='word_1_166' title='bbox 955 3005 1083 3058; x_wconf 79' lang='lat' dir='ltr'><strong>rnonstn&#39;s.</strong></span> <span class='ocrx_word' id='word_1_167' title='bbox 1102 3005 1148 3057; x_wconf 82' lang='lat' dir='ltr'><strong>Eu.</strong></span> 
     </span>
     <span class='ocr_line' id='line_1_25' title="bbox 178 3082 1236 3158; baseline -0.001 -20"><span class='ocrx_word' id='word_1_168' title='bbox 178 3083 313 3158; x_wconf 66' lang='lat' dir='ltr'><strong>pinnehen</strong></span> <span class='ocrx_word' id='word_1_169' title='bbox 766 3087 826 3154; x_wconf 84' lang='lat'><strong>²37·</strong></span> <span class='ocrx_word' id='word_1_170' title='bbox 848 3085 878 3137; x_wconf 91' lang='lat' dir='ltr'><strong>T.</strong></span> <span class='ocrx_word' id='word_1_171' title='bbox 896 3106 921 3137; x_wconf 87' lang='lat' dir='ltr'><strong>e.</strong></span> <span class='ocrx_word' id='word_1_172' title='bbox 938 3082 973 3156; x_wconf 76' lang='lat' dir='ltr'><strong>lq.</strong></span> <span class='ocrx_word' id='word_1_173' title='bbox 992 3105 1015 3136; x_wconf 86' lang='grc' dir='ltr'><strong>ν.</strong></span> <span class='ocrx_word' id='word_1_174' title='bbox 1033 3084 1114 3155; x_wconf 75' lang='lat' dir='ltr'><strong>pudet</strong></span> <span class='ocrx_word' id='word_1_175' title='bbox 1125 3086 1163 3137; x_wconf 83' lang='lat' dir='ltr'><strong>ire</strong></span> <span class='ocrx_word' id='word_1_176' title='bbox 1173 3085 1236 3137; x_wconf 77' lang='lat' dir='ltr'><strong>Me·</strong></span> 
     </span>
    </p>

    <p class='ocr_par' dir='ltr' id='par_1_7' title="bbox 179 3163 1235 3479">
     <span class='ocr_line' id='line_1_26' title="bbox 217 3163 1120 3236; baseline -0.006 -16"><span class='ocrx_word' id='word_1_177' title='bbox 217 3164 279 3231; x_wconf 67' lang='lat'><strong>234.</strong></span> <span class='ocrx_word' id='word_1_178' title='bbox 291 3164 407 3219; x_wconf 75' lang='lat' dir='ltr'><strong>Novana</strong></span> <span class='ocrx_word' id='word_1_179' title='bbox 411 3164 498 3236; x_wconf 80' lang='lat' dir='ltr'><strong>fossis.</strong></span> <span class='ocrx_word' id='word_1_180' title='bbox 507 3166 564 3216; x_wconf 88' lang='lat' dir='ltr'><strong>Put.</strong></span> <span class='ocrx_word' id='word_1_181' title='bbox 576 3163 684 3217; x_wconf 78' lang='lat' dir='ltr'><strong>novalia</strong></span> <span class='ocrx_word' id='word_1_182' title='bbox 729 3175 832 3217; x_wconf 81' lang='lat' dir='ltr'><strong>noetern.</strong></span> <span class='ocrx_word' id='word_1_183' title='bbox 844 3167 979 3217; x_wconf 83' lang='lat' dir='ltr'><strong>Menecem</strong></span> <span class='ocrx_word' id='word_1_184' title='bbox 992 3163 1083 3216; x_wconf 81' lang='lat' dir='ltr'><strong>Behot.</strong></span> <span class='ocrx_word' id='word_1_185' title='bbox 1098 3181 1120 3216; x_wconf 87' lang='lat' dir='ltr'><strong>t.</strong></span> 
     </span>
     <span class='ocr_line' id='line_1_27' title="bbox 179 3241 1235 3317; baseline -0.002 -19"><span class='ocrx_word' id='word_1_186' title='bbox 179 3244 255 3298; x_wconf 59' lang='lat' dir='ltr'><strong>tene.</strong></span> <span class='ocrx_word' id='word_1_187' title='bbox 267 3273 304 3284; x_wconf 90' lang='lat'>-</span> <span class='ocrx_word' id='word_1_188' title='bbox 320 3243 446 3296; x_wconf 73' lang='lat' dir='ltr'><strong>Navalia.</strong></span> <span class='ocrx_word' id='word_1_189' title='bbox 459 3245 589 3314; x_wconf 77' lang='lat' dir='ltr'><strong>Agrorum</strong></span> <span class='ocrx_word' id='word_1_190' title='bbox 607 3241 682 3312; x_wconf 78' lang='lat' dir='ltr'><strong>loce,</strong></span> <span class='ocrx_word' id='word_1_191' title='bbox 766 3245 826 3315; x_wconf 77' lang='lat'><strong>239.</strong></span> <span class='ocrx_word' id='word_1_192' title='bbox 849 3245 879 3316; x_wconf 86' lang='lat' dir='ltr'><strong>Q.</strong></span> <span class='ocrx_word' id='word_1_193' title='bbox 893 3264 920 3296; x_wconf 85' lang='lat' dir='ltr'><strong>n.</strong></span> <span class='ocrx_word' id='word_1_194' title='bbox 933 3243 951 3295; x_wconf 84' lang='lat' dir='ltr'><strong>i.</strong></span> <span class='ocrx_word' id='word_1_195' title='bbox 965 3243 990 3294; x_wconf 77' lang='lat' dir='ltr'><strong>d.</strong></span> <span class='ocrx_word' id='word_1_196' title='bbox 1000 3261 1176 3317; x_wconf 69' lang='lat' dir='ltr'><strong>neronemque</strong></span> <span class='ocrx_word' id='word_1_197' title='bbox 1188 3242 1235 3296; x_wconf 80' lang='lat' dir='ltr'><strong>ho·</strong></span> 
     </span>
     <span class='ocr_line' id='line_1_28' title="bbox 181 3320 1235 3400; baseline 0.004 -28"><span class='ocrx_word' id='word_1_198' title='bbox 181 3320 682 3400; x_wconf 71' lang='lat' dir='ltr'><strong>qrmvemotemporescrobibusfactis</strong></span> <span class='ocrx_word' id='word_1_199' title='bbox 726 3321 1235 3396; x_wconf 81' lang='lat' dir='ltr'><strong>mirumquemodesto.}1einsiusibidem</strong></span> 
     </span>
     <span class='ocr_line' id='line_1_29' title="bbox 180 3402 1235 3479; baseline 0.004 -25"><span class='ocrx_word' id='word_1_200' title='bbox 180 3403 275 3456; x_wconf 79' lang='lat' dir='ltr'><strong>vinetis</strong></span> <span class='ocrx_word' id='word_1_201' title='bbox 289 3416 424 3475; x_wconf 73' lang='lat' dir='ltr'><strong>aptentur.</strong></span> <span class='ocrx_word' id='word_1_202' title='bbox 435 3402 562 3460; x_wconf 63' lang='lat' dir='ltr'><strong>trusus.</strong></span> <span class='ocrx_word' id='word_1_203' title='bbox 728 3407 842 3459; x_wconf 82' lang='lat' dir='ltr'><strong>correxit</strong></span> <span class='ocrx_word' id='word_1_204' title='bbox 851 3419 1039 3478; x_wconf 78' lang='lat' dir='ltr'><strong>:pecorumque</strong></span> <span class='ocrx_word' id='word_1_205' title='bbox 1047 3405 1235 3479; x_wconf 80' lang='lat' dir='ltr'><strong>hominumque</strong></span> 
     </span>
    </p>

    <p class='ocr_par' dir='ltr' id='par_1_8' title="bbox 180 3479 1236 4352">
     <span class='ocr_line' id='line_1_30' title="bbox 219 3479 1234 3558; baseline 0.003 -23"><span class='ocrx_word' id='word_1_206' title='bbox 219 3479 279 3537; x_wconf 77' lang='lat'><strong>235.</strong></span> <span class='ocrx_word' id='word_1_207' title='bbox 303 3483 357 3534; x_wconf 85' lang='lat' dir='ltr'><strong>Per</strong></span> <span class='ocrx_word' id='word_1_208' title='bbox 373 3483 475 3558; x_wconf 81' lang='lat' dir='ltr'><strong>fluuios</strong></span> <span class='ocrx_word' id='word_1_209' title='bbox 497 3500 586 3534; x_wconf 82' lang='lat' dir='ltr'><strong>seeum</strong></span> <span class='ocrx_word' id='word_1_210' title='bbox 608 3482 682 3547; x_wconf 81' lang='lat' dir='ltr'><strong>uadi,</strong></span> <span class='ocrx_word' id='word_1_211' title='bbox 728 3483 912 3550; x_wconf 78' lang='lat' dir='ltr'><strong>molesto‚ete.</strong></span> <span class='ocrx_word' id='word_1_212' title='bbox 926 3487 976 3538; x_wconf 85' lang='lat' dir='ltr'><strong>etsi</strong></span> <span class='ocrx_word' id='word_1_213' title='bbox 990 3483 1234 3539; x_wconf 78' lang='lat' dir='ltr'><strong>reteretmembru·</strong></span> 
     </span>
     <span class='ocr_line' id='line_1_31' title="bbox 180 3560 1147 3636; baseline 0 -20"><span class='ocrx_word' id='word_1_214' title='bbox 180 3579 334 3635; x_wconf 71' lang='lat' dir='ltr'><strong>somnosque</strong></span> <span class='ocrx_word' id='word_1_215' title='bbox 337 3561 467 3632; x_wconf 73' lang='lat' dir='ltr'><strong>feramur.</strong></span> <span class='ocrx_word' id='word_1_216' title='bbox 483 3561 536 3612; x_wconf 87' lang='lat' dir='ltr'><strong>Per</strong></span> <span class='ocrx_word' id='word_1_217' title='bbox 536 3560 637 3636; x_wconf 77' lang='lat' dir='ltr'><strong>fluvios</strong></span> <span class='ocrx_word' id='word_1_218' title='bbox 648 3579 686 3614; x_wconf 85' lang='lat' dir='ltr'><strong>se·</strong></span> <span class='ocrx_word' id='word_1_219' title='bbox 729 3583 770 3617; x_wconf 73' lang='lat' dir='ltr'><strong>ne</strong></span> <span class='ocrx_word' id='word_1_220' title='bbox 781 3581 943 3617; x_wconf 82' lang='lat' dir='ltr'><strong>consensum</strong></span> <span class='ocrx_word' id='word_1_221' title='bbox 957 3579 1011 3615; x_wconf 86' lang='lat' dir='ltr'><strong>non</strong></span> <span class='ocrx_word' id='word_1_222' title='bbox 1021 3561 1147 3634; x_wconf 73' lang='lat' dir='ltr'><strong>prebent.</strong></span> 
     </span>
     <span class='ocr_line' id='line_1_32' title="bbox 182 3640 1232 3718; baseline 0 -24"><span class='ocrx_word' id='word_1_223' title='bbox 182 3661 246 3695; x_wconf 84' lang='lat' dir='ltr'><strong>eura</strong></span> <span class='ocrx_word' id='word_1_224' title='bbox 263 3644 315 3694; x_wconf 86' lang='lat' dir='ltr'><strong>ruit</strong></span> <span class='ocrx_word' id='word_1_225' title='bbox 333 3640 423 3694; x_wconf 76' lang='lat' dir='ltr'><strong>Brbot.</strong></span> <span class='ocrx_word' id='word_1_226' title='bbox 448 3653 472 3708; x_wconf 84' lang='lat' dir='ltr'><strong>t,</strong></span> <span class='ocrx_word' id='word_1_227' title='bbox 490 3642 595 3693; x_wconf 85' lang='lat' dir='ltr'><strong>Venett.</strong></span> <span class='ocrx_word' id='word_1_228' title='bbox 609 3642 639 3706; x_wconf 92' lang='lat'><strong>3,</strong></span> <span class='ocrx_word' id='word_1_229' title='bbox 651 3642 684 3708; x_wconf 72' lang='grc'><strong>4,</strong></span> <span class='ocrx_word' id='word_1_230' title='bbox 767 3643 827 3710; x_wconf 75' lang='lat'><strong>²4⁰·</strong></span> <span class='ocrx_word' id='word_1_231' title='bbox 842 3645 874 3696; x_wconf 89' lang='lat' dir='ltr'><strong>P.</strong></span> <span class='ocrx_word' id='word_1_232' title='bbox 887 3665 916 3718; x_wconf 72' lang='lat' dir='ltr'><strong>q.</strong></span> <span class='ocrx_word' id='word_1_233' title='bbox 927 3643 1025 3716; x_wconf 83' lang='lat' dir='ltr'><strong>quoties</strong></span> <span class='ocrx_word' id='word_1_234' title='bbox 1036 3645 1232 3697; x_wconf 83' lang='lat' dir='ltr'><strong>amissuseunti.</strong></span> 
     </span>
     <span class='ocr_line' id='line_1_33' title="bbox 181 3719 1212 3796; baseline 0.001 -21"><span class='ocrx_word' id='word_1_235' title='bbox 181 3723 259 3775; x_wconf 77' lang='lat' dir='ltr'><strong>Rom.</strong></span> <span class='ocrx_word' id='word_1_236' title='bbox 275 3733 300 3774; x_wconf 85' lang='lat' dir='ltr'><strong>et</strong></span> <span class='ocrx_word' id='word_1_237' title='bbox 312 3720 389 3774; x_wconf 74' lang='lat' dir='ltr'><strong>naut.</strong></span> <span class='ocrx_word' id='word_1_238' title='bbox 401 3739 491 3774; x_wconf 84' lang='lat' dir='ltr'><strong>secura</strong></span> <span class='ocrx_word' id='word_1_239' title='bbox 506 3719 578 3772; x_wconf 80' lang='lat' dir='ltr'><strong>vadit</strong></span> <span class='ocrx_word' id='word_1_240' title='bbox 592 3719 684 3774; x_wconf 88' lang='lat' dir='ltr'><strong>Bebot.</strong></span> <span class='ocrx_word' id='word_1_241' title='bbox 730 3725 850 3796; x_wconf 78' lang='lat' dir='ltr'><strong>Uterque</strong></span> <span class='ocrx_word' id='word_1_242' title='bbox 864 3722 955 3777; x_wconf 87' lang='lat' dir='ltr'><strong>Behot.</strong></span> <span class='ocrx_word' id='word_1_243' title='bbox 967 3723 1084 3796; x_wconf 85' lang='lat' dir='ltr'><strong>quotiens</strong></span> <span class='ocrx_word' id='word_1_244' title='bbox 1096 3723 1212 3776; x_wconf 81' lang='lat' dir='ltr'><strong>amissus.</strong></span> 
     </span>
     <span class='ocr_line' id='line_1_34' title="bbox 184 3800 1235 3872; baseline -0.002 -18"><span class='ocrx_word' id='word_1_245' title='bbox 184 3819 209 3854; x_wconf 69' lang='grc' dir='ltr'><strong>π.</strong></span> <span class='ocrx_word' id='word_1_246' title='bbox 226 3803 293 3855; x_wconf 75' lang='lat' dir='ltr'><strong>Dan.</strong></span> <span class='ocrx_word' id='word_1_247' title='bbox 312 3802 399 3854; x_wconf 74' lang='lat' dir='ltr'><strong>Peter.</strong></span> <span class='ocrx_word' id='word_1_248' title='bbox 419 3819 507 3854; x_wconf 87' lang='lat' dir='ltr'><strong>secura</strong></span> <span class='ocrx_word' id='word_1_249' title='bbox 526 3800 587 3852; x_wconf 81' lang='lat' dir='ltr'><strong>uadi</strong></span> <span class='ocrx_word' id='word_1_250' title='bbox 603 3803 685 3872; x_wconf 75' lang='lat' dir='ltr'><strong>Lsng.</strong></span> <span class='ocrx_word' id='word_1_251' title='bbox 768 3801 827 3868; x_wconf 63' lang='grc' dir='ltr'><strong>ψ.</strong></span> <span class='ocrx_word' id='word_1_252' title='bbox 840 3802 940 3868; x_wconf 84' lang='lat' dir='ltr'><strong>Limes,</strong></span> <span class='ocrx_word' id='word_1_253' title='bbox 954 3813 980 3853; x_wconf 85' lang='lat' dir='ltr'><strong>et</strong></span> <span class='ocrx_word' id='word_1_254' title='bbox 991 3811 1119 3853; x_wconf 74' lang='lat' dir='ltr'><strong>errantem</strong></span> <span class='ocrx_word' id='word_1_255' title='bbox 1130 3803 1235 3855; x_wconf 81' lang='lat' dir='ltr'><strong>comites</strong></span> 
     </span>
     <span class='ocr_line' id='line_1_35' title="bbox 182 3878 1233 3956; baseline -0.003 -21"><span class='ocrx_word' id='word_1_256' title='bbox 182 3879 282 3935; x_wconf 84' lang='lat' dir='ltr'><strong>Buslid.</strong></span> <span class='ocrx_word' id='word_1_257' title='bbox 295 3895 322 3934; x_wconf 88' lang='lat' dir='ltr'><strong>et</strong></span> <span class='ocrx_word' id='word_1_258' title='bbox 336 3880 397 3934; x_wconf 85' lang='lat' dir='ltr'><strong>edd.</strong></span> <span class='ocrx_word' id='word_1_259' title='bbox 407 3892 519 3934; x_wconf 87' lang='lat' dir='ltr'><strong>recentt.</strong></span> <span class='ocrx_word' id='word_1_260' title='bbox 530 3878 589 3932; x_wconf 86' lang='lat' dir='ltr'><strong>Nic.</strong></span> <span class='ocrx_word' id='word_1_261' title='bbox 605 3881 686 3931; x_wconf 85' lang='lat' dir='ltr'><strong>Hein—</strong></span> <span class='ocrx_word' id='word_1_262' title='bbox 729 3878 956 3956; x_wconf 79' lang='lat' dir='ltr'><strong>solatiaflommae.</strong></span> <span class='ocrx_word' id='word_1_263' title='bbox 970 3878 1093 3931; x_wconf 80' lang='lat' dir='ltr'><strong>Barthius</strong></span> <span class='ocrx_word' id='word_1_264' title='bbox 1108 3883 1178 3950; x_wconf 87' lang='lat' dir='ltr'><strong>conj.</strong></span> <span class='ocrx_word' id='word_1_265' title='bbox 1189 3897 1233 3932; x_wconf 86' lang='lat' dir='ltr'><strong>ro-</strong></span> 
     </span>
     <span class='ocr_line' id='line_1_36' title="bbox 183 3956 1234 4036; baseline -0.005 -23"><span class='ocrx_word' id='word_1_266' title='bbox 183 3963 238 4014; x_wconf 87' lang='lat' dir='ltr'><strong>sius</strong></span> <span class='ocrx_word' id='word_1_267' title='bbox 263 3961 291 4011; x_wconf 84' lang='lat' dir='ltr'><strong>in</strong></span> <span class='ocrx_word' id='word_1_268' title='bbox 313 3957 422 4012; x_wconf 79' lang='lat' dir='ltr'><strong>Advers.</strong></span> <span class='ocrx_word' id='word_1_269' title='bbox 443 3958 490 4011; x_wconf 87' lang='lat' dir='ltr'><strong>lib.</strong></span> <span class='ocrx_word' id='word_1_270' title='bbox 509 3958 553 4023; x_wconf 85' lang='lat' dir='ltr'><strong>IV,</strong></span> <span class='ocrx_word' id='word_1_271' title='bbox 573 3977 632 4029; x_wconf 74' lang='lat' dir='ltr'><strong>cap.</strong></span> <span class='ocrx_word' id='word_1_272' title='bbox 655 3956 686 4024; x_wconf 79' lang='lat'><strong>³,</strong></span> <span class='ocrx_word' id='word_1_273' title='bbox 731 3957 802 4010; x_wconf 81' lang='lat' dir='ltr'><strong>mitis</strong></span> <span class='ocrx_word' id='word_1_274' title='bbox 812 3956 1083 4036; x_wconf 62' lang='lat' dir='ltr'><strong>sotaruflammemt</strong></span> <span class='ocrx_word' id='word_1_275' title='bbox 1092 3974 1185 4029; x_wconf 82' lang='lat' dir='ltr'><strong>postes</strong></span> <span class='ocrx_word' id='word_1_276' title='bbox 1195 3959 1234 4008; x_wconf 86' lang='lat' dir='ltr'><strong>iu·¹</strong></span> 
     </span>
     <span class='ocr_line' id='line_1_37' title="bbox 183 4034 1236 4112; baseline -0.006 -21"><span class='ocrx_word' id='word_1_277' title='bbox 183 4059 212 4112; x_wconf 80' lang='lat' dir='ltr'><strong>p.</strong></span> <span class='ocrx_word' id='word_1_278' title='bbox 229 4037 297 4104; x_wconf 79' lang='lat'><strong>583,</strong></span> <span class='ocrx_word' id='word_1_279' title='bbox 308 4040 417 4092; x_wconf 85' lang='lat' dir='ltr'><strong>omnino</strong></span> <span class='ocrx_word' id='word_1_280' title='bbox 434 4035 604 4090; x_wconf 82' lang='lat' dir='ltr'><strong>scribendum</strong></span> <span class='ocrx_word' id='word_1_281' title='bbox 622 4053 687 4088; x_wconf 83' lang='lat' dir='ltr'><strong>ceu·</strong></span> <span class='ocrx_word' id='word_1_282' title='bbox 731 4037 841 4088; x_wconf 84' lang='lat' dir='ltr'><strong>venitin</strong></span> <span class='ocrx_word' id='word_1_283' title='bbox 855 4041 958 4109; x_wconf 83' lang='lat' dir='ltr'><strong>optimo</strong></span> <span class='ocrx_word' id='word_1_284' title='bbox 970 4035 1049 4088; x_wconf 87' lang='lat' dir='ltr'><strong>libro.</strong></span> <span class='ocrx_word' id='word_1_285' title='bbox 1061 4065 1097 4074; x_wconf 94' lang='lat'>-</span> <span class='ocrx_word' id='word_1_286' title='bbox 1107 4037 1170 4088; x_wconf 80' lang='lat' dir='ltr'><strong>Hee</strong></span> <span class='ocrx_word' id='word_1_287' title='bbox 1181 4034 1236 4086; x_wconf 87' lang='lat' dir='ltr'><strong>lec·</strong></span> 
     </span>
     <span class='ocr_line' id='line_1_38' title="bbox 185 4115 1235 4190; baseline -0.003 -20"><span class='ocrx_word' id='word_1_288' title='bbox 185 4129 242 4170; x_wconf 86' lang='lat' dir='ltr'><strong>set:</strong></span> <span class='ocrx_word' id='word_1_289' title='bbox 257 4117 310 4168; x_wconf 86' lang='lat' dir='ltr'><strong>Per</strong></span> <span class='ocrx_word' id='word_1_290' title='bbox 309 4117 508 4190; x_wconf 70' lang='lat' dir='ltr'><strong>fletviosseeura</strong></span> <span class='ocrx_word' id='word_1_291' title='bbox 527 4117 601 4182; x_wconf 75' lang='lat' dir='ltr'><em>vadi,</em></span> <span class='ocrx_word' id='word_1_292' title='bbox 620 4133 687 4168; x_wconf 82' lang='lat' dir='ltr'><strong>sem·</strong></span> <span class='ocrx_word' id='word_1_293' title='bbox 732 4118 770 4168; x_wconf 89' lang='lat' dir='ltr'><strong>tio</strong></span> <span class='ocrx_word' id='word_1_294' title='bbox 781 4117 914 4170; x_wconf 84' lang='lat' dir='ltr'><strong>invenitur</strong></span> <span class='ocrx_word' id='word_1_295' title='bbox 925 4118 952 4168; x_wconf 88' lang='lat' dir='ltr'><strong>in</strong></span> <span class='ocrx_word' id='word_1_296' title='bbox 972 4118 1035 4185; x_wconf 75' lang='lat' dir='ltr'><strong>neg.</strong></span> <span class='ocrx_word' id='word_1_297' title='bbox 1049 4117 1083 4181; x_wconf 85' lang='grc' dir='ltr'><strong>Β,</strong></span> <span class='ocrx_word' id='word_1_298' title='bbox 1095 4116 1123 4167; x_wconf 86' lang='lat' dir='ltr'><strong>io</strong></span> <span class='ocrx_word' id='word_1_299' title='bbox 1135 4115 1235 4188; x_wconf 72' lang='lat' dir='ltr'><strong>Reg.C</strong></span> 
     </span>
     <span class='ocr_line' id='line_1_39' title="bbox 185 4193 1235 4268; baseline 0 -22"><span class='ocrx_word' id='word_1_300' title='bbox 185 4211 285 4268; x_wconf 81' lang='lat' dir='ltr'><strong>nosque</strong></span> <span class='ocrx_word' id='word_1_301' title='bbox 297 4193 417 4265; x_wconf 81' lang='lat' dir='ltr'><strong>ferarum</strong></span> <span class='ocrx_word' id='word_1_302' title='bbox 437 4197 540 4264; x_wconf 82' lang='lat' dir='ltr'><strong>Fertur,</strong></span> <span class='ocrx_word' id='word_1_303' title='bbox 559 4207 610 4248; x_wconf 83' lang='lat' dir='ltr'><strong>etc.</strong></span> <span class='ocrx_word' id='word_1_304' title='bbox 628 4197 687 4246; x_wconf 86' lang='lat' dir='ltr'><strong>Put.</strong></span> <span class='ocrx_word' id='word_1_305' title='bbox 732 4194 1235 4261; x_wconf 80' lang='lat' dir='ltr'><strong>nostrs.Eo.·-Comites.Quidamco-</strong></span> 
     </span>
     <span class='ocr_line' id='line_1_40' title="bbox 186 4273 1235 4352; baseline -0.001 -26"><span class='ocrx_word' id='word_1_306' title='bbox 186 4291 327 4346; x_wconf 86' lang='lat' dir='ltr'><strong>somnoque</strong></span> <span class='ocrx_word' id='word_1_307' title='bbox 341 4273 470 4345; x_wconf 86' lang='lat' dir='ltr'><strong>serarum.</strong></span> <span class='ocrx_word' id='word_1_308' title='bbox 482 4305 518 4316; x_wconf 92' lang='lat'>-</span> <span class='ocrx_word' id='word_1_309' title='bbox 536 4275 612 4327; x_wconf 75' lang='lat' dir='ltr'><strong>Hanc</strong></span> <span class='ocrx_word' id='word_1_310' title='bbox 629 4273 688 4326; x_wconf 88' lang='lat' dir='ltr'><strong>ulti-</strong></span> <span class='ocrx_word' id='word_1_311' title='bbox 733 4273 1235 4352; x_wconf 80' lang='lat' dir='ltr'><strong>mitisflummoe.Fseesavietoribusin</strong></span> 
     </span>
    </p>
   </div>
   <div class='ocr_carea' id='block_1_4' title="bbox 1040 4364 1093 4428">
    <p class='ocr_par' dir='ltr' id='par_1_9' title="bbox 1040 4364 1093 4428">
     <span class='ocr_line' id='line_1_41' title="bbox 1040 4364 1093 4428; baseline 0.019 -1"><span class='ocrx_word' id='word_1_312' title='bbox 1040 4364 1093 4428; x_wconf 85' lang='lat'><strong>28.</strong></span> 
     </span>
    </p>
   </div>
   <div class='ocr_carea' id='block_1_5' title="bbox 0 0 1648 5160">
    <p class='ocr_par' dir='ltr' id='par_1_10' title="bbox 0 0 1648 5160">
     <span class='ocr_line' id='line_1_42' title="bbox 0 0 1648 5160; baseline 0 0"><span class='ocrx_word' id='word_1_313' title='bbox 0 0 1648 5160; x_wconf 95' lang='lat' dir='ltr'><strong> </strong></span> 
     </span>
    </p>
   </div>
  </div>
 </body>
</html>
