3194 5156
435 517 503 586 606
551 521 587 586 P.
614 521 648 585 P.
674 520 829 586 STATH
853 521 1183 594 ACHILLEIDOS
1207 528 1294 592 nto.
1319 530 1367 594 11.

482 653 654 717 Hactenus
666 671 852 733 annorum,
865 651 1023 733 comites,
1036 649 1201 722 elementa
1212 678 1368 724 meorum

480 762 523 826 Et
533 760 689 843 memini,
701 776 736 828 et
747 761 941 828 meminisse
951 758 1049 854 juvat
1062 791 1070 834 ς
1085 767 1149 835 scit
1159 781 1279 835 caetera
1289 783 1407 836 mater.
1425 799 1437 829 ι

469 985 531 1053 453·
553 986 610 1040 Sel!
625 997 717 1040 cmm
736 997 828 1040 mter·
850 988 940 1040 innuit
984 990 1067 1047 fessus
1079 1005 1156 1048 estse
1168 991 1202 1046 de
1212 992 1319 1047 Achillis
1329 993 1477 1048 educatione

431 1067 476 1120 hio
494 1065 608 1120 Achilles
628 1065 698 1120 uuile
719 1066 871 1134 recordari,
891 1087 939 1122 neo
984 1073 1126 1142 dictorum,
1139 1089 1164 1128 et
1176 1089 1205 1127 ut
1219 1075 1253 1127 ad
1268 1077 1377 1147 Trojam
1391 1075 1476 1128 ductus

432 1150 509 1202 interi
519 1169 563 1215 ea,
578 1167 636 1220 quse
647 1149 676 1200 in
688 1148 767 1222 Scyro
779 1149 894 1214 fecerat,
908 1161 939 1201 ut
982 1155 1024 1206 sit.
1036 1156 1099 1209 fitne
1114 1153 1177 1207 ideo
1194 1153 1345 1224 subjunxit,
1368 1167 1397 1207 ut
1413 1175 1478 1208 error

431 1249 490 1302 quse
504 1229 586 1282 solius
605 1242 693 1282 essent
712 1231 811 1282 mattis.
824 1229 936 1295 Versus,
982 1253 1089 1300 comm,
1105 1238 1152 1308 qui
1171 1255 1239 1309 opus
1262 1237 1410 1307 perfectum
1428 1255 1477 1288 non

431 1319 517 1388 quiin
536 1314 670 1388 aliquibus
684 1313 879 1388 exemplaribus
894 1333 937 1368 se·
981 1329 1103 1378 censent,
1116 1318 1262 1369 monitione
1273 1317 1476 1388 nostraeorrigi-

430 1398 538 1468 quitus:
551 1395 623 1448 Auro
635 1393 707 1456 silon
722 1395 818 1465 puppis
834 1411 938 1448 currens
981 1407 1037 1461 tur,
1054 1409 1080 1446 et
1094 1415 1149 1448 rem
1161 1415 1193 1448 eo
1208 1393 1366 1467 perductam
1381 1415 1475 1466 cogno·

429 1477 467 1528 ad
475 1475 552 1529 litora
560 1475 643 1538 venit,
652 1474 811 1546 jampridem
825 1474 935 1528 edoctis
981 1487 1070 1540 soant,
1082 1493 1135 1547 quo
1143 1476 1263 1546 promisit
1270 1477 1362 1527 Poeta.
1370 1476 1444 1540 Nam,
1452 1487 1476 1526 nt

430 1553 555 1629 explosus
567 1569 615 1608 est.
630 1554 742 1607 Additus
753 1568 793 1606 est
807 1573 823 1606 a
837 1554 935 1624 sciolo,
980 1552 1095 1606 diximus
1106 1557 1132 1606 in
1141 1555 1274 1627 principio
1284 1557 1384 1628 operis,
1391 1556 1478 1606 Noster

431 1637 476 1710 qui
494 1635 606 1688 eredidit
622 1633 796 1687 Achilleidem
823 1637 860 1688 sic
884 1655 935 1707 pro
980 1636 1100 1706 promisit
1115 1651 1143 1686 se
1159 1632 1224 1684 nihii
1237 1633 1373 1686 dicturum
1391 1633 1423 1686 de
1440 1652 1476 1686 re·

429 1718 548 1790 perfecta
563 1714 685 1768 editnma
701 1716 830 1786 Papinio,
841 1716 868 1767 in
883 1733 936 1787 qua
978 1711 1029 1766 bus
1041 1713 1120 1784 gestis
1129 1711 1163 1764 ab
1174 1711 1476 1784 Achiiieciroa'frojam,

428 1797 601 1868 persuasione
617 1795 669 1846 fuit
687 1796 805 1846 ioannes
829 1795 935 1846 Britan·
980 1810 1063 1864 quum
1077 1793 1112 1844 ait
1127 1809 1154 1844 se
1174 1791 1240 1844 veile
1259 1789 1396 1844 deducere
1410 1794 1478 1861 jure·

428 1879 518 1944 niens,
528 1877 609 1947 Cujus
618 1874 674 1927 h'tee
685 1873 765 1927 verba
776 1888 853 1928 sunt:
865 1897 876 1919 ι
890 1875 936 1924 Be·
979 1889 1040 1924 nem
1053 1885 1135 1924 utote
1146 1873 1236 1941 Troja.
1249 1870 1354 1924 Sileant
1366 1890 1428 1943 ergo
1439 1871 1477 1943 qui

428 1957 633 2010 neexinstituto
650 1972 781 2027 suoopus
801 1951 931 2020 absolvit,
976 1968 1082 2004 sensum
1100 1953 1187 2004 Poette
1214 1969 1268 2004 nou
1289 1953 1477 2024 percipientes,

428 2053 491 2088 nam
509 2035 536 2088 in
556 2034 686 2108 prooemio
705 2031 733 2086 id
749 2044 855 2085 tantum
870 2049 932 2103 pro·
977 2028 1012 2084 ad
1019 2030 1120 2086 calcem
1127 2049 1184 2085 esse
1191 2029 1355 2104 perductum
1362 2042 1475 2103 negant.-

759 2561 860 2609 Fliils
885 2557 1149 2607 ACHILLEIDOS·
