3230 5168
588 575 730 640 nrnnn
755 574 858 639 vn1.
1185 575 1247 664 169

295 700 442 793 Erigitur
452 698 606 793 Tydeus,
618 699 782 793 vultuque
793 699 957 782 occurrit,
969 714 1004 768 et
1014 721 1130 768 amens

249 811 461 905 Lectitiaque,
474 813 607 905 ireque,
619 825 659 877 ut
669 807 886 901 singultantia
898 808 980 877 vidit

249 925 339 1006 Oru‚·
348 923 503 1018 trahique
515 921 648 1004 oculos,
661 944 803 1016 seseque
814 923 951 1014 ognovit
961 923 997 989 in
1008 919 1084 989 illo:

251 1039 399 1126 lmpernt
409 1032 579 1104 abscisum
590 1030 864 1127 porgi,laevaque
875 1047 1049 1125 receptum
1195 1044 1247 1115 755

249 1147 384 1237 Spectet
394 1160 489 1212 ntrox
500 1141 622 1213 hostile
633 1159 749 1237 ceput,
763 1142 940 1239 gliscitque
950 1144 1095 1236 tepentis

250 1256 395 1322 Lumina
404 1269 500 1323 torva
512 1253 644 1338 videns,
657 1269 691 1322 et
701 1252 812 1323 adhuc
824 1251 1010 1322 dubitantia
1022 1253 1090 1348 figi.

297 1364 417 1434 Infelix
427 1383 607 1435 contentus
618 1383 707 1437 erat:
719 1363 796 1459 plus
808 1368 908 1458 exigit
920 1363 1022 1434 ultrix

249 1477 455 1570 Tisiphone:
465 1475 605 1572 jamque
616 1476 739 1546 inflexo
750 1479 900 1546 Tritonia
912 1491 1008 1572 petre

250 1589 411 1670 Venerat,
425 1602 459 1654 et
468 1589 591 1657 misero
604 1587 707 1657 decus
719 1585 908 1658 immortale
919 1586 1062 1670 ferebat3
1196 1597 1257 1668 760.

246 1700 360 1789 'Atque
372 1695 468 1764 illum
479 1697 609 1765 effructi
620 1696 797 1790 perfusum
808 1698 884 1765 tube
895 1696 1024 1766 cerebri

251 1805 415 1898 Adspicit,
428 1824 462 1876 et
472 1811 549 1876 vivo
562 1807 781 1877 scelerantem
794 1812 958 1902 sanguine
969 1807 1095 1875 fauces.

139 2000 145 2012 ¹
252 1920 320 1984 Nec
331 1919 470 1988 comites
482 1919 614 1988 auferre
625 1917 737 1988 volent
750 1945 758 1986 :
771 1921 863 1987 stetit
872 1942 990 2011 aspere
1001 1921 1114 2008 Gorgo

241 2077 303 2148 7⁵²·
333 2079 468 2154 Vultusque
492 2085 609 2138 occurrit.
634 2083 704 2152 Quia
784 2084 844 2154 759.
865 2083 1019 2156 Tisiphone:
1025 2084 1137 2154 jamque
1152 2080 1247 2158 inflexo

204 2172 321 2214 retentus
339 2161 447 2214 vulnere
466 2181 519 2214 non
541 2165 628 2234 potuit
647 2177 704 2216 toto
750 2160 869 2215 Tritonia
882 2173 966 2234 putre.
982 2160 1126 2234 Tesiphone
1144 2157 1246 2212 bebott.

206 2257 319 2310 corpore
330 2239 467 2294 sublevari.
485 2241 614 2294 Lscrtrtr.
752 2256 775 2305 t,
788 2257 818 2307 2,
833 2259 946 2314 namque
962 2239 1058 2317 inflexo
1073 2237 1150 2291 Aldd.
1162 2237 1246 2291 Colin.

242 2317 302 2388 754.
330 2319 462 2392 Tralique
480 2319 576 2374 caelos.
597 2319 705 2391 idest,
748 2332 775 2372 et
795 2319 871 2372 besil.
895 2321 998 2393 iamque
1020 2321 1116 2397 inflexo
1136 2318 1248 2370 correxit

206 2397 278 2452 oculi
287 2399 375 2452 nereis
387 2401 462 2473 quasi
473 2401 548 2453 tortis
560 2414 585 2452 et
598 2413 704 2472 torpen-
748 2400 897 2452 Bernartius
908 2418 939 2452 ex
948 2397 1026 2452 codd.
1036 2429 1073 2438 -
1081 2400 1192 2470 Jamque
1203 2395 1247 2448 in·

205 2475 277 2530 tibus
285 2481 496 2548 exstinguuntur,
505 2479 702 2532 utfitinmorte.
738 2479 815 2555 flexo
837 2479 956 2534 Tritonia
973 2489 1049 2552 petre
1073 2478 1202 2542 Venerat,
1222 2487 1248 2529 et

241 2555 705 2632 755.1mperataltseirumporpi.1m·
748 2559 921 2612 miserodeeur
931 2555 1077 2610 immortale
1078 2555 1189 2628 ferebat.
1198 2557 1248 2608 Re-

203 2645 280 2708 perot
295 2637 428 2690 obscurem
445 2637 527 2709 Lnng.
545 2638 615 2692 Rusl.
632 2637 703 2711 lips.
747 2636 1131 2709 iertApollodoruslllinervem
1141 2637 1247 2688 immor·

205 2717 274 2769 Den.
285 2718 373 2770 Peter.
387 2731 413 2771 et
424 2718 484 2771 edd.
496 2731 556 2772 vett
568 2749 603 2760 -
614 2721 703 2795 Pcrpi.
748 2716 855 2769 talitatis
866 2716 967 2769 donum
980 2735 994 2768 a
1006 2729 1081 2787 patre
1093 2733 1142 2786 pro
1154 2712 1247 2786 Tydeo

205 2795 256 2846 Pro
265 2797 374 2867 porrigi.
384 2797 481 2851 Noster
489 2797 548 2850 Sile.
556 2801 594 2864 ll,
604 2817 627 2863 r,
639 2798 703 2866 205,
748 2795 907 2863 obtinuisse,
918 2795 965 2848 sed
974 2809 1004 2847 ut
1014 2795 1086 2846 bunc
1100 2805 1181 2863 capnt
1189 2793 1248 2846 Me-

206 2871 315 2926 Glsuoie
324 2875 412 2928 Atedii
427 2879 533 2948 eporxit
542 2875 628 2930 flores.
638 2899 650 2924 ι
662 2877 704 2930 ci·
748 2877 849 2948 nelippi
859 2874 1029 2928 mandentem
1036 2872 1114 2936 vidit,
1124 2871 1248 2944 indigne-

206 2971 270 3006 cero
277 2956 556 3010 inbrataeissdextrem
562 2975 701 3031 porgens.»
748 2966 802 3006 tem
818 2955 969 3020 recessisse,
985 2970 1034 3004 nec
1051 2953 1074 3005 ei
1090 2949 1248 3004 beneficium

207 3031 299 3103 virgil.
309 3034 409 3088 AEneid.
420 3036 494 3101 vill,
508 3035 573 3106 274:
588 3035 704 3108 upocule
747 3033 799 3086 boe
812 3033 962 3088 contulisse.
972 3063 1008 3074 —
1018 3030 1143 3086 Eemdem
1153 3031 1248 3083 nefan-

207 3115 309 3184 porgite
315 3111 420 3169 dextris.
429 3139 440 3164 ι
450 3116 653 3189 Aliiqnepoeue.
661 3115 704 3168 sic
748 3113 788 3166 dre
800 3115 943 3166 atrocitatis
954 3115 1094 3185 imaginem
1106 3109 1248 3164 adumbre-

207 3205 235 3244 et
246 3193 348 3264 surpuit
362 3194 434 3264 opud
447 3195 593 3247 Horatium.
608 3194 704 3249 Plenus
748 3198 785 3250 vit
800 3197 906 3260 Dion,
921 3194 1044 3266 Infemo,
1062 3192 1107 3246 lib.
1123 3192 1248 3258 xxxffl,

205 3269 301 3324 borum
311 3272 437 3326 Catullus.
450 3273 704 3340 ValeriusFleocus,
748 3286 774 3327 et
780 3273 1005 3328 sceleratissimam
1014 3273 1097 3344 ipsios
1103 3269 1185 3344 Tydei
1192 3272 1249 3323 vin-

206 3351 306 3421 Argon.
320 3353 359 3417 11,
370 3350 438 3416 6563
456 3374 468 3397 ι
477 3353 564 3422 primo
574 3350 636 3404 dnei
645 3370 705 3424 por·
748 3352 846 3408 dictam
863 3365 1007 3418 memoret,
1023 3351 1069 3403 lib.
1083 3351 1196 3416 XXXII,
1209 3367 1247 3402 vs.

204 3444 268 3501 qens
276 3429 411 3482 carchesia
421 3430 646 3501 crni032parieer
654 3447 704 3501 pro
752 3431 817 3494 130;
837 3434 913 3501 cujus
933 3443 960 3484 et
977 3430 1094 3482 meminit
1114 3430 1246 3480 Petrerce.

204 3509 353 3583 porriqers,
363 3521 473 3582 propter
484 3521 603 3562 meuum.
617 3510 663 3561 En.
748 3510 794 3561 Eu.

242 3589 303 3660 756.
324 3589 466 3663 Gliseiupue
481 3590 587 3662 tepentis
602 3587 705 3641 luminu
784 3588 846 3658 763.
856 3589 911 3640 Nec
920 3589 1024 3641 comites
1032 3585 1135 3658 auferre
1145 3582 1247 3636 ualeret:

207 3667 447 3722 emularetur
459 3679 515 3720 not.
529 3668 556 3719 in
567 3665 639 3719 bunc
652 3684 706 3719 ver·
748 3668 816 3721 stetit
830 3685 920 3738 aspera
937 3668 1031 3741 Gorqo.
1047 3667 1151 3738 Geryon
1165 3665 1246 3734 Lsng.

207 3764 274 3800 sum.
287 3749 360 3800 Poet.
372 3746 428 3799 Lut.
439 3748 504 3799 Min.
516 3759 581 3798 tom.
593 3747 630 3808 11,
642 3763 702 3818 pag.
747 3747 825 3798 Laur.
837 3743 932 3798 anlid.
945 3745 1015 3815 lips.
1026 3745 1092 3795 Dan.
1105 3742 1205 3795 bebott.
1225 3758 1249 3808 ι,

206 3825 270 3898 327,
280 3838 349 3878 nort.
363 3825 425 3878 edit.
438 3825 484 3878 nbi
492 3824 597 3900 gliscere
607 3825 705 3896 signill-
750 3842 782 3892 2,
794 3823 871 3876 Aldd.
884 3821 969 3876 Colin.
982 3834 1008 3876 et
1019 3822 1145 3894 plerique.
1162 3823 1248 3896 Geryo

207 3919 250 3960 cet
258 3904 503 3977 mlmre‚efferri;
515 3904 558 3957 bic
567 3902 704 3958 irascendo
748 3901 857 3956 Ametel.
878 3903 993 3955 Gronov.
1016 3899 1102 3954 Bnrtb.
1121 3903 1202 3954 Veeu.
1222 3912 1249 3952 et

206 3987 235 4038 in
248 3988 333 4058 mejus
348 3982 511 4037 accenditur.
530 3985 576 4036 En.
749 3979 844 4053 Delpb.
855 4009 892 4022 --
902 3980 958 4032 Nec
971 3980 1077 4034 comiter
1088 3980 1192 4052 auferre
1203 3999 1249 4030 ua·

243 4065 304 4138 757.
321 4067 475 4119 Dtsditantia
483 4063 545 4140 fipi.
562 4065 632 4132 Quis
647 4062 704 4132 his,
749 4059 813 4114 lent.
827 4062 888 4114 Non
902 4062 989 4114 velent
1000 4059 1091 4134 Tydeo
1105 4071 1186 4132 ceput
1199 4058 1248 4110 tol·

207 4145 304 4218 quibus
319 4164 389 4199 mors
404 4161 495 4198 recens
510 4157 564 4210 est,
581 4141 650 4196 oculi
666 4145 705 4196 vi-
749 4140 802 4193 lere
820 4138 973 4212 Menalippi.
992 4141 1118 4192 becrens.
1139 4167 1175 4178 -
1194 4136 1249 4189 Ste·
1336 4181 1338 4186 .

206 4222 304 4276 dentur
312 4243 406 4277 errare.
425 4224 551 4276 Ltcrtnr.
751 4221 783 4272 tit
795 4237 883 4292 aspere
899 4222 994 4293 Geryo.
1013 4219 1099 4290 Caput
1117 4215 1250 4283 Medusae,
