3230 5168
559 691 698 758 Ltuuu
723 693 829 755 vur.
1155 715 1214 778 ,η

219 825 363 915 Jamque
375 822 437 886 erit
448 818 505 887 ilie
517 819 602 902 dies,
616 845 683 914 quo
698 839 730 888 te
742 843 878 914 quoquc
891 821 1024 888 conscia
1036 821 1096 888 fati
1171 855 1175 866 ι

220 927 362 1023 Templa
374 929 502 1010 colant,
514 930 700 1026 reddatque
713 947 793 999 tuus
805 955 967 1024 responsa
980 931 1147 1000 sacerdos.
1161 963 1174 991 r

266 1039 361 1109 Talia
372 1041 508 1108 fatidico
520 1057 688 1134 peragunt
699 1039 873 1110 sollemnia
887 1043 974 1132 regi,

221 1157 289 1218 Ceu
300 1149 470 1234 flammas,
484 1174 523 1219 ac
535 1150 624 1219 dona
636 1174 733 1243 rogo,
747 1153 927 1246 tristesque
939 1150 1126 1244 rependant

223 1262 596 1358 Exsequias,moliique
607 1265 755 1331 animam
767 1261 887 1331 tellure
899 1280 1074 1355 reponant.
1169 1294 1220 1328 210

224 1377 341 1441 Fracta
352 1371 475 1441 dehinc
487 1376 633 1456 cunctis,
647 1396 831 1467 aversaque
842 1389 977 1466 pectora
989 1371 1089 1441 bello.

224 1487 275 1554 Sic
287 1484 390 1552 fortes
403 1487 537 1577 Minyas
550 1485 662 1553 subito
674 1509 780 1580 quum
792 1487 910 1553 iuuere
922 1482 1053 1578 Tiphys
1071 1575 1074 1584 ,

215 1698 273 1751 ποθ.
291 1701 405 1771 Jamque
416 1699 463 1751 erit
477 1699 524 1754 itte
534 1701 603 1768 dies,
617 1721 643 1773 q.
659 1713 676 1753 t.
761 1716 820 1752 ato.
844 1697 976 1771 Moiiique
992 1699 1111 1749 eitimam
1132 1694 1224 1748 tellure

179 1798 205 1849 q.
219 1778 320 1831 conscie
326 1777 392 1850 fati.
404 1781 469 1852 fleg.
481 1782 517 1846 B,
526 1780 594 1852 fatis
608 1779 678 1833 exbi-
724 1793 857 1853 reponant.
876 1781 985 1831 Veteres
1004 1790 1169 1830 mortuorum
1188 1769 1224 1827 ci·

180 1855 224 1909 bet
232 1877 240 1919 ς
249 1858 313 1928 Reg.
324 1857 422 1911 Cncst.
433 1857 494 1910 lect.
504 1861 551 1912 En.
562 1861 679 1910 —Jam-
724 1875 799 1910 neres
812 1877 844 1910 ac
856 1875 916 1910 ossa
929 1871 998 1909 terra
1015 1853 1154 1928 tegebant,
1169 1853 1225 1905 ani·

179 1953 229 2006 que
247 1934 296 1987 erit
314 1934 361 1988 itte
377 1936 444 2000 dies,
464 1954 517 2007 quo
537 1949 561 1989 te
580 1955 680 2010 quoquc
723 1955 846 2010 mamque
859 1935 951 1990 eodem
964 1935 1087 2008 sepulcro
1098 1953 1151 1986 una
1162 1952 1224 1984 cum

179 2014 280 2066 conscia
295 2014 352 2086 sati
373 2013 483 2087 Templa
506 2016 608 2080 celant,
629 2029 679 2067 etc.
724 2035 836 2088 corpore
844 2017 925 2070 cendi
935 2013 1174 2068 credebantsunde
1183 2031 1227 2064 na-

179 2090 284 2144 Reiatus
301 2093 370 2144 enim
384 2093 435 2144 tuit
450 2093 626 2165 Amphiaraus
640 2095 681 2146 in·
724 2112 749 2151 ta
763 2101 865 2162 fausta,
881 2109 907 2149 et
926 2092 1061 2148 sollemnis
1079 2093 1148 2146 bene
1164 2110 1227 2164 pre·

180 2183 220 2224 ter
227 2173 406 2243 Divos,cique
413 2172 541 2243 tempium
549 2185 680 2238 erectum,
725 2177 803 2229 candi
817 2176 966 2239 defunctis,
986 2171 1082 2244 quibus
1096 2171 1165 2222 bene
1178 2189 1226 2222 vo-

180 2247 681 2323 eoiucoquoabsorptusiuit',quicb
726 2257 834 2322 iebant,
856 2252 988 2306 formula:
1012 2252 1073 2305 uSit
1093 2250 1140 2304 tibi
1160 2260 1227 2302 terra
1332 2257 1337 2274 ⁹

180 2328 206 2380 id
219 2331 332 2396 Harma,
343 2328 396 2383 hoc
410 2343 466 2396 est,
481 2349 589 2398 currus,
602 2347 682 2384 voca·
728 2336 802 2402 levis,
821 2331 982 2404 tumulisque
1000 2332 1136 2402 inscripta.
1155 2331 1180 2383 S.
1195 2328 1227 2380 T.

180 2423 222 2460 tus
233 2410 682 2464 fuitcastcrumorucuiareddebat
725 2418 756 2469 Τ,
775 2417 804 2467 L.
819 2427 845 2466 ct
863 2412 1041 2486 precabantur
1059 2424 1182 2476 tenuem,
1204 2423 1231 2460 et

179 2488 355 2559 Amphiaraus
361 2491 528 2561 persomniar
537 2493 681 2544 vaticinans
726 2496 782 2547 sine
794 2492 912 2564 pondere
924 2503 1035 2554 terram,
1048 2489 1131 2541 levem
1145 2487 1229 2559 cespi-

180 2567 681 2640 enimimmittebatsomniapetcntibus.
726 2587 795 2639 sem,
812 2584 858 2624 sut
875 2573 1000 2643 cippum,
1019 2583 1045 2621 et
1064 2582 1093 2620 ut
1113 2565 1229 2618 molliter

180 2645 684 2719 VidePhilostretuminvitaApolionii
728 2669 788 2705 osse
808 2650 953 2712 cubarent;
974 2661 1096 2720 putantes
1115 2648 1230 2698 animam

179 2726 226 2779 iib.
239 2729 279 2794 lt,
293 2739 320 2779 et
335 2728 490 2780 Pausaniam
506 2730 534 2779 in
546 2729 640 2780 Atticis
657 2741 683 2780 et
728 2749 785 2802 quae
798 2729 892 2782 ecdem
904 2725 1028 2800 sepulcro
1040 2746 1102 2778 cum
1114 2743 1229 2797 corpore

180 2805 370 2871 Corinthiacis,
381 2805 427 2858 ubi
436 2805 553 2859 referunt
564 2809 628 2858 ritus
638 2810 684 2878 qui
727 2807 924 2872 continebatur,
938 2808 975 2858 sic
987 2803 1091 2857 facilius
1105 2803 1175 2855 uitro
1190 2803 1230 2852 ci·

179 2883 685 2956 observaridchebant,antequamsom·
728 2902 824 2960 traque
837 2887 979 2940 redituram
993 2884 1026 2936 ad
1038 2881 1188 2954 sepulcrum
1202 2883 1230 2933 in

180 2969 226 3019 nia
238 2968 451 3018 immitterentur.
462 2965 529 3018 Vide
543 2979 569 3018 ct
583 2965 683 3018 Plutar-
727 2965 919 3039 parentalibus.
928 2963 1102 3030 Quibusvero
1112 2959 1232 3012 malevo-

179 3045 262 3097 chum
276 3046 303 3097 in
318 3044 449 3115 opusculo
464 3042 498 3098 tle
509 3044 624 3097 oraculis
638 3044 683 3096 de·
728 3045 833 3109 lebant,
843 3057 940 3095 terram
950 3052 1089 3111 gravemet
1099 3037 1231 3090 tumulum

179 3123 347 3186 beientibus,
361 3137 386 3176 et
401 3124 521 3178 Ciceron.
533 3123 566 3176 de
578 3124 684 3176 Divina-
729 3141 870 3176 onerosum
878 3119 1103 3191 imprecabantur,
1115 3135 1168 3190 quo
1179 3119 1233 3170 ani-

179 3204 255 3254 tione
265 3201 310 3254 lib.
323 3203 336 3252 1
343 3240 352 3268 ,
364 3219 424 3274 cap.
438 3201 488 3268 50,
502 3200 549 3252 ubi
559 3201 614 3254 hec
625 3203 686 3254 scri-
729 3224 772 3257 ma
786 3205 911 3276 depressa
926 3200 1003 3254 tarde
1014 3213 1060 3252 aut
1071 3218 1138 3271 segre
1149 3199 1232 3252 derc-

178 3280 235 3334 bit:
258 3280 470 3353 «Amphiaraum
488 3282 525 3334 sic
543 3281 685 3334 honoravit
730 3285 805 3338 ieret.

178 3361 254 3414 fama
268 3361 389 3428 Graeciae,
405 3362 476 3414 Deus
489 3375 519 3413 ut
532 3359 685 3425 habemur,
766 3381 825 3416 ata.
846 3363 960 3434 Minyas.
976 3362 1150 3432 Argonautas.
1163 3359 1231 3412 Vide

180 3456 265 3515 atquc
281 3441 316 3494 ab
332 3461 365 3494 eo
382 3445 439 3513 ejus
451 3440 525 3509 solo,
539 3445 566 3494 in
579 3455 685 3514 quaest
728 3442 812 3496 Theb.
827 3444 860 3508 V,
872 3442 923 3512 337
939 3455 964 3495 et
977 3442 1015 3494 ibi
1026 3456 1082 3493 not.
1092 3471 1128 3482 -
1139 3440 1232 3493 Subito

178 3521 323 3584 humatus,
336 3521 444 3573 oracula
455 3533 641 3594 peterentur.·
731 3541 811 3595 quum
820 3523 917 3593 funere
930 3521 1029 3593 Tiphys
1040 3521 1169 3574 Destituit.
1182 3521 1231 3571 Va·

219 3617 280 3670 207.
301 3599 413 3672 Templa
428 3599 530 3667 colunt,
549 3599 687 3671 reddetque
730 3601 811 3654 ierius
823 3601 934 3653 Flaccus
945 3613 1058 3653 testatur
1068 3601 1170 3670 Argon.
1185 3597 1231 3650 lib.

180 3695 250 3734 tuus.
258 3678 685 3753 Tcmpiacuient,reddetqucDan.
731 3683 764 3746 V,
775 3680 880 3753 Tiphyn
892 3679 996 3732 clavum
1007 3691 1141 3730 tenentem
1151 3693 1232 3728 manu

179 3761 273 3813 Peter.
288 3757 368 3811 Atdd.
385 3758 470 3812 Calin.
486 3757 608 3811 nonnulli
623 3758 686 3809 Liu-
732 3758 822 3813 subito
839 3772 973 3810 mortuum
986 3757 1086 3824 fuisse,
1099 3755 1162 3807 dum
1174 3753 1233 3806 Ma·

180 3838 313 3910 denbrog.
326 3852 353 3891 et
364 3839 441 3891 Cruc.
459 3837 571 3910 Templa
583 3837 671 3890 colant
678 3874 687 3901 ,
732 3837 889 3910 riandynum
901 3840 929 3888 in
940 3835 1076 3909 Bithynia,
1087 3833 1233 3886 Acherusio

179 3919 326 3992 reddatque
344 3919 428 3990 hang.
452 3917 551 3971 Busiid.
571 3919 686 3990 lipsien.
733 3931 810 3969 antro
831 3915 979 3979 celebrem,
999 3913 1161 3986 appelleret,
1181 3912 1233 3963 ibi-

179 3997 290 4052 Bcbott.
303 4017 327 4063 r,
338 4016 368 4065 a,
378 3999 455 4050 Rom.
470 4007 497 4048 et
506 3995 567 4050 edd.
578 4008 686 4048 recentt.
733 3992 847 4065 demque
861 3993 980 4065 sepultus
993 4005 1041 4044 cst.
1056 3993 1117 4044 Nou
1130 4003 1234 4042 constat

179 4107 219 4120 --
229 4079 293 4151 ch.
307 4079 343 4144 B,
355 4078 512 4150 redduntque
522 4074 610 4128 habet.
622 4077 669 4126 En.
733 4087 839 4137 tamen,
859 4091 892 4124 an
910 4071 937 4123 id
957 4085 1099 4141 antequam
1119 4067 1234 4122 Colchos

222 4176 285 4230 ²⁰9·
307 4159 507 4234 Ceufhmmas,
524 4176 555 4208 ac
566 4156 635 4209 dona
647 4171 688 4207 ra·
732 4153 902 4225 pervenirent
914 4153 1086 4222 Argonauta,
1103 4168 1136 4202 aa
1149 4151 1176 4200 in
1191 4166 1234 4198 re-

176 4257 234 4314 90,
248 4239 377 4310 tristesque
388 4237 540 4309 rependant.
557 4239 606 4286 ·1n
620 4234 688 4287 duo·
734 4231 808 4298 ditu,
825 4233 886 4303 quia
900 4229 1029 4304 Nymphis
1042 4242 1068 4280 et
1081 4225 1234 4279 Herodorus

180 4321 238 4372 bus
256 4318 330 4372 libris
348 4318 416 4371 male
433 4319 559 4390 scriptum
576 4331 630 4382 est,
650 4333 689 4367 re·
734 4315 849 4376 variant,
862 4325 890 4363 ut
901 4311 979 4364 docet
989 4307 1147 4364 scholiastes
1156 4303 1235 4376 Apol·

178 4400 322 4474 pmdant.
335 4422 346 4446 ι
368 4401 462 4452 Basra.
734 4393 798 4444 ionii
810 4391 855 4443 iib.
867 4392 898 4441 ΙΙ.
1101 4388 1103 4394 ’
