3256 5160
610 569 751 634 monn
775 569 858 634 xu.
1196 571 1260 652 443

260 695 450 764 Praedator?
463 698 598 765 vincam
610 693 782 779 volucres,
796 697 840 763 sit
849 693 945 762 adire
955 709 1120 787 potestas,

258 807 512 903 Excludamque
526 807 630 874 feras:
644 831 689 874 an
700 806 803 875 habet
814 806 971 876 funestus
983 823 1018 874 et
1031 809 1146 900 ignes?

258 921 321 989 Sed
334 945 396 989 nec
408 935 442 989 te
453 920 599 988 flammis
612 923 748 1013 inopem
760 937 819 988 tua
829 938 920 988 terra
933 919 1075 988 videbit:

258 1030 415 1114 Ardebis,
428 1030 654 1125 lacrimasque
666 1030 773 1114 feres,
787 1054 871 1125 quas
884 1031 973 1098 ferre
985 1045 1145 1124 negatum
1210 1044 1261 1112 ³4⁵

257 1142 421 1235 Regibus,
434 1158 668 1236 aeternumque
680 1158 739 1210 tuo
751 1141 916 1210 famulatu
927 1141 1084 1235 sepulcro

258 1253 402 1321 Durabit
413 1253 545 1322 deserta
556 1253 657 1336 fides,
670 1257 834 1348 testisque
846 1253 1003 1322 dolorum

260 1373 365 1434 Natus
378 1368 458 1449 erit,
471 1387 644 1460 parvoque
656 1383 768 1434 torum
784 1366 944 1460 Polynice
956 1365 1113 1435 fovebo.»

233 1563 237 1579 Ι
304 1484 388 1547 Ecce
400 1476 484 1546 alios
498 1479 659 1569 gemitus,
673 1476 843 1572 aliamque
854 1478 898 1546 ad
910 1478 1010 1546 busta
1021 1478 1151 1546 serebat

257 1592 422 1682 Antigone
434 1587 759 1672 miserandafacem,
773 1591 828 1656 vix
839 1605 937 1656 nocta
949 1591 1071 1681 petitos
1202 1590 1261 1655 '350

257 1699 426 1766 Moenibus
439 1723 611 1791 egressus:
625 1698 717 1766 illam
731 1719 812 1766 narn
822 1715 975 1791 tempore
987 1702 1023 1766 in
1035 1701 1127 1768 omni

191 1811 193 1825 '
257 1810 635 1903 Attenduutvigiles‚et
645 1835 706 1878 rex
715 1808 816 1904 jubet
827 1814 900 1905 ipse
911 1813 1038 1894 timeri,

256 1927 512 2017 Contractaeque
523 1926 630 2006 vices,
643 1940 677 1990 et
688 1921 841 1990 crebrior
852 1923 996 1992 excubat
1007 1921 1103 2013 iguis.

256 2039 345 2127 Ergo
356 2036 450 2116 Deis,
463 2035 627 2130 fratrique
638 2058 752 2103 morae
766 2049 925 2118 excusat,
939 2049 973 2102 et
987 2055 1121 2115 amens,
1169 2109 1174 2114 ,

257 2153 304 2216 Ut
318 2146 472 2241 paullum
483 2150 636 2217 immisso
648 2150 749 2217 cessit
760 2150 859 2216 statio
871 2146 1008 2216 horrida
1018 2169 1156 2229 somno,
1210 2156 1262 2212 ³55

256 2267 411 2357 Erumpit
423 2265 548 2332 muris:
562 2264 699 2331 fremitu
711 2285 781 2364 quo
792 2265 922 2332 territat
935 2285 1034 2356 agros

208 2458 611 2531 cor‚1'acetillecresanciaclieg.
622 2461 713 2530 Bproe-
758 2460 899 2512 -Fovebo
906 2457 1170 2512 solabor-viduitatem
1176 2473 1262 2508 meam

208 2534 270 2602 bet,
285 2536 311 2588 h.
323 2536 350 2608 f.
366 2555 390 2608 q.
402 2557 430 2608 p.
444 2553 471 2608 p.
477 2536 548 2610 jacit
561 2535 607 2589 iile
619 2538 714 2610 nesan-
758 2535 931 2592 similitudine
944 2553 1005 2604 tua,
1015 2557 1065 2589 nec
1076 2536 1205 2590 secundas
1215 2553 1263 2587 nu-

209 2616 269 2677 dur,·
282 2618 344 2686 Reg.
360 2619 381 2668 C
393 2629 510 2669 nostram
525 2616 585 2668 lect.
604 2619 652 2670 Eo.
758 2621 827 2690 ptiar
838 2619 979 2690 superstite
989 2615 1042 2668 iiiio
1053 2619 1168 2688 cupiam.
1183 2614 1260 2666 lucr.

243 2693 712 2763 iiim-Sitadire.Adde‚modo‚velei.
794 2697 855 2750 350.
877 2697 982 2750 Peritos.
995 2694 1171 2748 Desideratus.

179 2835 190 2852 ἱ
244 2771 310 2840 345,
325 2773 385 2841 346.
403 2774 525 2840 Ardebir,
541 2775 715 2848 &comasque
794 2777 855 2830 351.
878 2777 918 2826 M.
939 2795 961 2827 e.
981 2775 999 2826 i.
1019 2793 1080 2826 nom
1101 2783 1216 2842 tempore
1234 2770 1262 2822 in

202 2853 288 2925 feres,
303 2854 446 2926 qarorserre
457 2865 580 2927 nepotum
592 2857 712 2932 Requusss
759 2857 840 2908 omni.
851 2855 953 2924 Optimi
965 2851 1020 2903 duo
1031 2851 1137 2904 codices
1147 2848 1260 2901 Boethii:

208 2943 387 3004 oetemumque
397 2932 712 3007 tuosamoiatasepuicro.
759 2945 860 3005 tempus
876 2935 904 2986 in
916 2951 1010 2993 omne,·
1025 2931 1096 3003 quod
1111 2929 1149 2981 iili
1163 2929 1260 3000 piacet.

207 3011 273 3081 Reg.
290 3012 326 3077 B,
345 3011 470 3077 Arretii,
491 3012 652 3084 tanquamque
669 3023 712 3065 tuo
793 3011 854 3064 352.
876 3011 981 3064 Timeri.
999 3011 1041 3063 An
1059 3011 1157 3062 teneri?
1170 3009 1261 3060 Caveri

203 3091 340 3162 famulata
354 3091 490 3162 sepulchro
504 3090 602 3156 haben
617 3094 713 3163 nepe
757 3095 910 3146 Lactantius
925 3091 1047 3164 explicat.

208 3180 326 3221 nostram
342 3169 402 3222 ieet.
421 3171 466 3222 En.
793 3173 854 3226 353.
877 3174 1070 3245 Contrectatque
1081 3171 1158 3235 vires,
1172 3182 1198 3222 et
1208 3188 1262 3221 cne-

244 3249 305 3319 347.
325 3251 443 3303 Detrahit.
459 3251 588 3320 Coniugis
602 3251 711 3305 scilicet.
758 3254 827 3306 brior
841 3254 949 3305 errabat
963 3253 1037 3324 ipris.
1052 3253 1207 3316 Contracta·
1223 3249 1262 3301 vi-

244 3329 306 3397 348.
319 3331 354 3382 Ν.
364 3351 385 3382 e.
395 3353 423 3404 p.
439 3344 456 3383 t.
471 3329 599 3402 Polynice
604 3332 712 3404 fovebo.
757 3354 801 3388 ces
813 3335 913 3408 explica
925 3331 1025 3405 vigilias
1041 3332 1159 3385 crebrius
1176 3345 1262 3383 mutn-

208 3407 338 3480 Polynice
350 3411 447 3481 favebo
465 3414 554 3464 Petne.
574 3441 609 3452 -
627 3414 714 3465 Natus
756 3428 811 3480 ras,
825 3433 949 3466 earumve
963 3426 1083 3483 tempora
1096 3423 1195 3463 arctata
1209 3429 1261 3463 me·

207 3490 264 3542 erit.
292 3489 476 3543 Thessandrus
500 3491 621 3554 scilicet,
644 3491 713 3546 fitius
756 3487 1260 3565 tuAntigones‚cuiCreondiffidebat.

207 3569 348 3643 Polynicis.
368 3572 499 3623 Lac-rior.
521 3603 557 3613 -
576 3573 711 3643 Polynice.
755 3574 860 3626 Etenim
872 3572 993 3644 vigilibus
1006 3583 1121 3637 certum,
1134 3583 1260 3632 otnant,

207 3649 269 3700 Non
282 3649 354 3720 quod
369 3652 407 3701 sic
420 3651 572 3703 nominetur
584 3652 652 3704 fliius
667 3657 713 3705 iro·
757 3665 862 3723 tempus
879 3652 1084 3724 prefiniebatur,
1097 3667 1194 3719 nempe
1208 3662 1262 3702 eree

208 3738 270 3794 oter,
283 3729 329 3781 sed
347 3729 419 3800 quod
431 3745 533 3800 patrem
548 3734 575 3783 in
590 3751 622 3784 eo
638 3733 713 3786 vide·
757 3731 845 3798 hora,
865 3745 893 3785 ut
912 3731 991 3784 docet
1009 3732 1133 3799 vegetius
1150 3728 1260 3779 iib.·ss{.

207 3807 259 3860 bor
278 3809 414 3880 amplecti,
434 3824 461 3862 et
479 3829 584 3864 mecum
603 3811 711 3868 habere.
757 3810 823 3865 Vide
833 3813 951 3882 Lipsium
961 3811 1037 3862 Milit.
1050 3811 1162 3861 Roman.
1173 3807 1219 3859 lib.
1228 3809 1259 3858 V.

207 3887 267 3940 Vet.
285 3887 372 3940 Schol.
393 3888 528 3942 Aiiuditur
543 3890 609 3943 illud
627 3893 712 3963 Virgi·
793 3889 854 3943 355.
878 3891 912 3942 Ut
926 3887 1051 3961 paullum
1063 3887 1176 3940 immisso
1190 3885 1263 3938 cessit

207 3963 307 4018 lienum
318 3966 415 4030 Didus,
430 3969 488 4019 AEn.
501 3971 544 4032 Ν,
554 3969 621 4039 327:
638 3969 712 4022 .sal·
756 3971 833 4022 statio
845 3968 949 4022 horrido
963 3986 1064 4028 somno.
1079 3970 1142 4035 lieg.
1160 3967 1180 4017 B
1193 3983 1261 4035 prae-

208 4045 713 4119 temsiquarnihidetesusceptoiuis·
755 4048 817 4113 bet,
844 4049 878 4100 Ut
896 4048 1008 4121 panium
1029 4049 1135 4106 αηιίςςος
1157 4043 1261 4117 nepo

209 4136 250 4175 set
268 4126 335 4175 Ante
357 4126 446 4197 fugam
467 4126 589 4190 sobole„
611 4131 632 4179 ri
654 4131 712 4201 quis
756 4141 874 4182 nostram
887 4129 948 4182 lect.
968 4131 1015 4182 Eo.

208 4201 272 4254 mihi
282 4202 408 4275 parvulus
416 4205 598 4260 ouioLuderet
608 4210 712 4274 AEneas,
793 4210 846 4262 356
857 4219 883 4261 et
898 4209 959 4279 357.
971 4207 1086 4260 Fremitu
1098 4223 1148 4279 quo
1162 4204 1264 4257 territat

210 4284 256 4354 qui
263 4296 290 4336 te
297 4296 400 4336 tantum
409 4303 455 4338 ore
463 4287 581 4340 referret.
593 4289 709 4340 Beuum
756 4307 830 4362 oqror
849 4290 873 4340 V
875 4289 966 4362 irpinis
983 4290 1023 4340 ira
1041 4287 1088 4340 leoe
1106 4286 1199 4349 rabies,
1219 4285 1262 4337 cui
