3272 5166
366 500 429 564 282
600 499 635 560 P.
661 499 697 562 P.
723 497 878 563 STATH
903 495 1177 564 THEBAIDOS

410 630 474 692 Pro
487 623 613 718 pudor!
627 622 797 715 Argolicas
809 623 889 692 hine
900 626 974 692 ansi
985 621 1140 692 obsidere
1151 626 1286 715 portas?
1363 652 1413 705 270

412 739 455 803 Hi
468 758 600 802 servare
613 737 749 802 virosi»
765 737 817 804 Sic
829 735 918 802 fatus
931 751 965 804 et
976 737 1069 802 exuit
1080 757 1196 802 ensem

356 869 362 884 ⁸
413 846 644 930 Fulmineum,
658 845 841 940 rapidaque
854 870 957 919 manu
969 847 1146 918 morientia
1157 847 1278 914 transit

412 958 555 1064 Agmina
567 982 574 1021 :
587 959 664 1050 quis
676 973 831 1025 numeret
842 954 971 1024 credes?
982 973 1042 1029 aut
1053 960 1190 1024 nomine
1200 955 1335 1027 turham

416 1068 612 1138 Exanimem
627 1069 760 1158 signare
772 1071 896 1162 queat?
908 1065 998 1136 subit
1009 1067 1127 1136 ortline
1138 1066 1233 1136 nullo

416 1183 607 1272 Tergaque,
620 1196 840 1273 pectoraque,
853 1195 888 1246 et
897 1177 1000 1272 galeis
1012 1178 1142 1246 inclusa
1153 1177 1314 1272 relinquit
1366 1189 1418 1260 275

417 1293 613 1370 Murmura,
627 1290 873 1383 permiscetque
885 1313 986 1380 vagos
999 1291 1034 1357 in
1047 1292 1210 1381 sanguine
1222 1311 1350 1358 manes.

420 1403 519 1467 Hunc
531 1416 657 1468 temere
668 1399 864 1491 explicitum
876 1403 1006 1482 stratis,
1019 1399 1112 1474 huuc
1123 1423 1198 1468 sero
1209 1402 1357 1470 remissis

419 1510 597 1580 Gressibus
609 1510 773 1604 illapsum'
780 1510 903 1606 clipeo,
915 1530 949 1580 et
960 1512 1047 1582 male
1060 1511 1126 1580 tela
1139 1529 1325 1588 tenentem:

419 1622 568 1692 Coetihus
579 1621 642 1690 hos
654 1623 773 1694 mediis
786 1626 864 1692 vina
876 1626 979 1706 iuter,
993 1641 1027 1690 et
1038 1647 1131 1692 arma
1138 1621 1304 1716 jacentes:

421 1731 573 1808 acclines
585 1731 701 1826 clipeis
714 1733 813 1815 alios,
828 1753 865 1802 ut
876 1757 1045 1828 quemque
1056 1733 1198 1824 ligatum
1372 1744 1422 1798 280

423 1842 543 1912 lnfelix
554 1841 675 1918 tellure
687 1867 789 1937 sopor
801 1868 1030 1940 supremaque
1039 1843 1146 1916 nubes

414 2074 474 2127 ²7⁰·
484 2057 626 2110 Hineaesi.
635 2058 741 2112 Debiles
750 2073 776 2112 et
785 2079 878 2113 somno
924 2072 950 2113 et
963 2061 1032 2114 male
1045 2060 1095 2114 tela
1108 2072 1245 2118 terrentem.
1258 2057 1387 2112 (1222216222
1397 2055 1424 2106 in

378 2135 469 2189 dediti.
490 2139 618 2189 Leccam.
926 2139 1025 2212 lapmm
1040 2159 1107 2193 unus
1121 2138 1213 2192 Behot.
1230 2133 1281 2190 tela
1297 2145 1433 2209 repentem¹

415 2232 474 2286 ²7¹·
495 2217 531 2268 H.
551 2237 570 2270 2.
586 2237 609 2268 υ.
623 2219 670 2272 Sic
682 2218 797 2290 saturet
810 2223 882 2272 exirit
926 2220 1028 2272 Behott.
1047 2237 1071 2286 ι,
1088 2239 1117 2286 2,
1131 2218 1178 2272 scd
1195 2220 1222 2269 in
1238 2217 1321 2268 altero
1335 2232 1427 2268 corre·

378 2313 472 2347 ensem.
490 2295 599 2348 ·Scribc
612 2317 672 2350 cum
684 2303 785 2370 optimo
797 2299 878 2350 libro:
927 2313 1005 2352 ctum.
1018 2329 1054 2340 --
1067 2298 1193 2352 Greuibur
1202 2295 1325 2368 illapsum
1335 2292 1427 2364 clipeo.

374 2373 489 2445 saturet
503 2377 607 2428 exuit.»
623 2379 718 2430 Basra.
731 2409 767 2419 -—
776 2379 882 2433 Servare
927 2369 1427 2447 021226122222222122622222226222

382 2455 454 2506 viros.
469 2453 598 2510 Obsidere
613 2477 618 2506 a
638 2457 671 2510 ad
687 2457 824 2530 emphasin
839 2459 883 2516 di·
920 2457 1030 2528 stabat,
1040 2455 1139 2510 deiecit
1150 2474 1180 2509 sc
1193 2456 1301 2508 corruit.
1319 2454 1395 2504 Lacr.

381 2545 463 2590 ctum,
474 2529 517 2587 Ad
529 2531 581 2586 hoc
596 2538 665 2594 euim
676 2551 804 2590 venerant
814 2536 883 2590 The·
965 2555 1025 2607 ²79·
1036 2540 1063 2590 C.
1075 2537 1101 2590 lr.
1115 2555 1150 2587 m.
1161 2535 1222 2592 uitta
1232 2536 1312 2598 inm,
1322 2543 1346 2584 ‘l
1355 2547 1429 2582 ΕΜ

382 2611 461 2676 bani,
480 2625 509 2664 ut
522 2615 632 2685 Argivos
648 2635 682 2668 ne
697 2617 820 2687 superent
834 2636 883 2670 cu·
920 2619 1045 2688 jacentes.
1061 2616 1118 2666 Put.
1133 2633 1186 2666 uua
1201 2612 1277 2668 inter.

384 2687 520 2742 stodirent.
539 2692 667 2750 Lacum.
965 2695 1025 2748 280.
1045 2693 1167 2750 Accliues,
1181 2690 1271 2764 clipeis
1283 2689 1357 2742 alios.
1374 2686 1431 2740 Aa·

419 2785 479 2838 ²7²·
499 2769 527 2822 F.
546 2789 566 2823 r.
581 2791 615 2824 m.
630 2775 769 2826 morientia
784 2775 883 2827 transit.
929 2767 1430 2836 clincsnonnullicodd.AcclivcsLang.

382 2851 458 2900 Unus
468 2846 562 2900 Belrot.
575 2851 686 2918 transit,
699 2867 726 2904 et
736 2866 885 2905 correctum
929 2853 1007 2904 Laur.
1021 2853 1139 2922 Lipsiae.
1152 2863 1179 2902 et
1191 2847 1251 2902 edd.
1264 2862 1326 2900 vett.
1336 2845 1431 2898 -Ao

385 2928 471 2980 traxit.
484 2957 520 2967 -
534 2928 644 2983 Transit.
658 2931 717 2984 Cito
729 2931 835 2984 occidit.
930 2933 1019 2985 clines.
1040 2932 1159 2998 Stantes,
1181 2944 1228 2984 sut
1247 2926 1431 2982 incumbentes

421 3007 480 3076 ²7⁴·
499 3007 533 3064 E.
547 3025 568 3060 s.
580 3027 606 3082 q.
618 3009 683 3064 sitiit
697 3011 787 3063 ordine
800 3008 884 3064 nullo.
930 3011 1022 3084 clipeis
1045 3009 1216 3064 dormientes.
1239 3009 1315 3062 Lacr·
1339 3034 1375 3046 -·
1399 3005 1433 3056 Ul

385 3087 452 3138 Dan.
458 3087 533 3159 fodit
541 3089 630 3142 ordine
641 3090 724 3143 nullo.
735 3119 769 3132 --
778 3092 887 3164 Siquam
931 3111 1057 3164 quemque
1069 3091 1179 3166 ligatum
1192 3089 1283 3142 tellure
1292 3103 1369 3159 sopor
1382 3087 1434 3140 Ol-

386 3176 470 3237 queat.
486 3167 603 3219 Numero
617 3167 742 3222 diffinire.
756 3172 833 3224 Lucu.
933 3183 1025 3224 ruerat.
1039 3171 1080 3222 Sic
1093 3169 1212 3222 Valerius
1225 3167 1335 3220 Flaccus
1346 3165 1392 3218 lib.
1407 3167 1433 3230 1,

423 3241 483 3314 275.
495 3245 526 3296 Τ.
535 3264 563 3316 p.
575 3265 597 3300 e.
607 3267 634 3320 q.
645 3246 744 3300 inclusa
755 3245 887 3318 relinquit.
933 3269 958 3303 r.
970 3251 1018 3317 48:
1038 3273 1048 3296 ι
1059 3250 1137 3302 Serus
1149 3251 1233 3302 fessos
1247 3265 1330 3319 sopor
1344 3244 1434 3316 alligat

387 3319 459 3374 laem
471 3321 556 3378 codex
570 3326 637 3377 Dau-
651 3344 711 3384 cum
726 3344 781 3380 uno
796 3325 888 3378 Behot.
934 3345 1014 3383 artus.
1025 3351 1035 3378 ι
1046 3330 1078 3380 Et
1087 3331 1186 3384 Seneca
1197 3331 1272 3382 Herc.
1280 3330 1342 3380 Fur.
1353 3341 1431 3395 ¹⁰79=

287 3420 291 3434 ·
388 3401 487 3456 inclusa
503 3403 614 3476 reliquit.
936 3409 1045 3481 «Sopor
1063 3410 1208 3462 indomitos
1226 3408 1315 3478 alliget
1329 3420 1431 3460 artus.»

424 3483 484 3550 276.
499 3483 648 3535 Murrum.
662 3483 840 3538 Morientium.
933 3489 1000 3542 Vide
1011 3509 1072 3562 paq.
1086 3489 1151 3554 562,
1164 3503 1228 3542 tom.
1240 3489 1251 3540 1
1263 3487 1327 3540 Stat.

426 3577 485 3631 277.
501 3561 580 3614 Hunc
592 3572 693 3616 temere.
707 3563 890 3634 Negligentem
971 3570 1030 3622 281.
1050 3569 1230 3642 Supremaque
1246 3567 1330 3620 nubes.
1346 3569 1435 3634 Vapo-

389 3653 415 3692 et
424 3642 481 3692 sine
491 3657 555 3694 cura
565 3639 655 3712 aliqua
663 3641 849 3700 dormientem.
857 3673 891 3684 --
935 3667 976 3700 222
988 3651 1120 3719 supremi:
1134 3648 1242 3700 ultimus
1252 3647 1323 3699 enim
1335 3644 1378 3696 liic
1392 3641 1436 3696 so·¹

390 3716 562 3788 Explicitum.
575 3720 727 3773 Extensum.
737 3721 837 3774 Lucan.
847 3725 891 3788 lV,
936 3746 1022 3780 mnus.
1037 3727 1122 3798 supra
1131 3731 1205 3799 picea
1220 3727 1321 3778 umbra.
1334 3727 1372 3776 lta
1386 3741 1437 3774 stu·

391 3817 415 3847 v.
427 3797 494 3866 629:
514 3819 524 3842 ι
535 3797 567 3850 Et
582 3818 688 3852 omnem
700 3797 830 3874 Explicuit
844 3823 892 3874 per
937 3806 976 3858 622
986 3807 1096 3870 oeterni,
1106 3805 1134 3858 id
1145 3820 1198 3872 est,
1208 3803 1343 3858 immodici
1351 3803 1437 3854 somni

391 3875 508 3928 membra
524 3879 640 3930 virum}
661 3883 738 3935 Lacr.
760 3912 796 3926 -
814 3883 894 3936 Hunc
939 3897 964 3935 et
977 3885 1104 3954 torporis,
1119 3882 1191 3954 apud
1206 3881 1362 3934 Ausonium.
1376 3880 1437 3932 Nu·

391 3975 446 4008 sero
455 3953 530 4026 (raro
540 3972 625 4028 poetae
635 3963 795 4034 corripiunt)
808 3963 895 4016 222ιί2-
938 3964 978 4014 lres
986 3964 1094 4034 soporis,
1106 3961 1192 4015 Valer.
1202 3961 1298 4013 Flacco
1308 3958 1355 4010 lib.
1366 3947 1438 4023 vul,

392 4037 425 4088 sis
433 4035 570 4091 Gressilrus.
580 4039 633 4106 Qui
641 4060 701 4094 sero
708 4057 792 4097 victus
799 4063 894 4097 somno
938 4060 961 4092 v.
976 4042 1019 4106 81,
1037 4065 1048 4087 ι
1058 4043 1136 4094 Primi
1151 4056 1294 4112 percussus
1307 4034 1380 4090 nube
1393 4053 1439 4088 so·

394 4113 458 4168 ilum
468 4116 555 4170 stabat
563 4115 651 4172 deficit
660 4140 690 4173 ac
701 4125 807 4174 corruit.
938 4121 1011 4191 poris
1022 4121 1142 4185 Horruit,
1152 4117 1275 4171 etdulces
1285 4117 1399 4168 excussit
1406 4112 1438 4172 ah

430 4194 490 4264 278.
511 4197 639 4251 Gressibus
654 4198 778 4273 illapsum
795 4201 893 4274 clipeo,
939 4199 1033 4252 arbore
1048 4217 1164 4252 somnos.
1177 4223 1187 4246 ι
