3264 5166
382 527 446 593 180
615 526 651 588 P.
678 524 714 588 P.
740 522 897 589 STATll
920 522 1199 595 THEBAIDOS

421 653 537 738 Quum
548 647 697 742 lugenda
708 647 830 730 refert3
843 646 953 717 donee
964 649 1018 717 cui
1030 653 1177 718 maxima
1190 650 1294 721 fando

423 765 555 828 Damna
563 758 671 854 vehit,
684 756 833 851 trepidas
844 757 940 852 lapsa
951 775 1003 828 est
1014 758 1183 854 Polynieis
1194 761 1238 830 ad
1249 786 1360 832 aures.
1397 777 1432 831 35
1450 811 1451 814 κ

422 871 569 964 Diripuit
576 866 728 962 juvenis,
741 866 957 964 lacrimaeque
969 867 1098 939 haesere
1109 887 1252 966 paratae,

422 984 466 1048 Et
476 997 634 1049 cunctata
645 979 909 1048 fideesnimium
921 1005 1002 1048 nam
1013 986 1148 1076 cognita
1158 986 1268 1052 vinus

421 1091 564 1162 OEnidae
574 1089 666 1161 credi
677 1089 786 1160 letum
797 1091 985 1189 suadetque
995 1109 1164 1190 vetatque.

422 1203 487 1275 Sed
499 1220 682 1298 postquam
693 1201 785 1272 haud
798 1203 903 1273 dubio
915 1204 1029 1275 clades
1041 1193 1180 1276 auctore
1192 1223 1325 1301 reperta
1337 1225 1406 1290 est,

422 1319 497 1382 Nox
508 1313 641 1398 nemos,
655 1331 874 1410 mentemque
885 1319 993 1410 rapit:
1007 1333 1081 1384 tum
1093 1319 1260 1410 sangnine
1271 1315 1354 1386 lixo¹
1397 1331 1430 1399 4ο

422 1426 576 1500 Membra
588 1425 708 1510 simul,
722 1426 824 1494 simul
837 1449 932 1496 arma
944 1444 1068 1497 ruunt:
1082 1426 1197 1497 madet
1207 1427 1314 1498 ardua
1325 1429 1408 1498 fletu

422 1542 499 1606 lam
511 1537 740 1634 galea,atque
752 1561 860 1632 nareae
872 1539 1020 1633 clipeum
1032 1559 1195 1634 excepere
1206 1540 1395 1610 radentem.

423 1654 828 1742 ltmoestusgenuaaegra
837 1649 1430 1747 trahens,hastamquesequentem,

422 1759 704 1830 Vulneribusceu
713 1758 810 1830 mille
822 1765 1120 1858 gravis‚t0tosque
1131 1785 1193 1856 per
1204 1777 1299 1831 artus

422 1875 761 1944 saucius2assistunt
773 1875 1145 1969 socii,monstrantque
1155 1891 1338 1969 gementes.
1397 1888 1431 1954 45

422 1983 579 2053 Tandem
589 1981 647 2052 ille
657 1981 812 2079 abjectis,
826 1988 881 2054 vix
894 2009 971 2081 quae
981 2003 1191 2080 portaverat,
1204 1989 1324 2069 arrm’s,

424 2095 543 2165 Nudus
556 2098 591 2164 in
604 2097 728 2190 egregii
739 2120 887 2166 vacuum
895 2094 967 2190 jam
978 2123 1103 2192 eorpus
1116 2101 1215 2167 amici

424 2205 586 2290 nocida,
600 2221 634 2276 et
644 2206 703 2276 tali
714 2206 871 2276 lacrimas
883 2232 962 2276 eum
975 2231 1057 2278 voce
1068 2209 1237 2302 profudit:

414 2369 417 2379 .
475 2322 614 2386 «Hasne
624 2317 704 2402 tibi,
717 2342 890 2420 armorum
902 2343 1184 2416 spesonuprema
1196 2343 1369 2401 meorum,

377 2565 512 2639 siplseet‚
521 2565 678 2640 inquimus,
689 2586 800 2642 campus
809 2589 883 2626 exer·
963 2571 1007 2639 43.
1019 2569 1181 2644 Hastamque
1191 2581 1349 2644 sequentem.
1361 2567 1434 2637 Quin

377 2650 460 2700 eitum
469 2659 572 2700 noun·
586 2648 705 2701 Aonium
716 2651 804 2703 rubido
813 2650 882 2722 Dan.
927 2670 980 2723 pra
992 2649 1086 2704 dolore
1099 2654 1142 2703 vix
1155 2650 1228 2704 illam
1241 2648 1397 2703 sustinebat.

413 2729 457 2784 35.
483 2729 603 2802 Diripuit
618 2721 736 2803 juvenis.
761 2731 885 2806 Deripuil
964 2729 1007 2796 44.
1026 2729 1242 2802 {bbendum
1252 2727 1329 2781 mille
1337 2729 1434 2804 prauis.

378 2828 448 2864 nnus
459 2809 555 2863 Behot.
931 2808 1089 2863 Vulneribus
1099 2827 1144 2863 seu
1157 2807 1238 2881 Lnng.
1252 2809 1369 2881 Lipsian.
1384 2809 1435 2861 Pe·

413 2891 457 2946 38.
479 2890 554 2944 Credi
569 2889 650 2944 letum
664 2891 814 2966 suadetque.
833 2891 881 2944 Vel
928 2903 980 2941 tar.
993 2888 1097 2942 Bebott.
1117 2907 1139 2954 r,
1155 2907 1185 2956 a,
1198 2889 1274 2942 Rasil.
1288 2887 1433 2943 lindenbr.

378 2971 441 3042 qnia
452 2971 533 3022 nimia
543 2970 625 3023 virtus
635 2989 739 3042 semper
749 2969 837 3024 reddit
847 2972 884 3022 in·
927 2964 1049 3038 plerique
1058 2979 1084 3019 et
1094 2967 1209 3019 Grasser.
1223 2967 1378 3020 Vulneribus
1388 2986 1435 3018 cen

344 3067 347 3080 ·
378 3065 485 3120 cautos,
495 3065 542 3104 aut
552 3052 613 3124 quia
625 3051 760 3105 interdum
770 3049 884 3105 consilio
928 3048 1023 3118 optimi
1037 3045 1116 3099 codd·
1130 3045 1219 3099 Barth.
1234 3049 1351 3099 Petrens-
1364 3049 1434 3100 Can-

376 3145 476 3182 eareat.
503 3157 539 3170 —-
563 3130 698 3204 Vetarque.
726 3129 884 3185 Incredibile
927 3125 984 3179 tab.
1000 3127 1105 3180 Venett.
1125 3128 1202 3179 Rom.
1224 3125 1303 3180 Aldd.
1323 3125 1433 3180 Amntel.

378 3209 450 3262 enim
471 3206 614 3261 videbatur
635 3223 689 3261 um
709 3209 884 3264 fortissimum
928 3206 1046 3258 Gronov.
1060 3203 1150 3257 Barth.
1164 3219 1190 3258 et
1201 3204 1300 3276 Delpb.

375 3287 462 3339 virum
473 3280 563 3358 perire
574 3288 704 3359 potuisse.
964 3282 1008 3350 45.
1026 3284 1156 3338 Assisrunr
1175 3275 1253 3350 socii,
1276 3293 1435 3338 monstrant·

414 3364 458 3436 39.
481 3363 562 3416 Haud
579 3364 657 3416 dubio
675 3363 762 3417 eludes
780 3375 884 3418 auctore
927 3379 977 3434 que
983 3375 1123 3439 pernentes.
1134 3363 1248 3435 Oplinun
1257 3363 1368 3436 aliequn
1376 3363 1436 3416 Ber·

378 3457 478 3516 reperta
495 3453 539 3496 est.
565 3443 658 3496 :Male
675 3442 733 3510 hic,
755 3456 784 3496 ut
803 3461 884 3516 supra
928 3439 975 3493 shii
988 3441 1162 3510 membranae,
1173 3443 1241 3496 Dan.
1254 3458 1281 3497 et
1292 3446 1381 3497 Petav.
1393 3441 1436 3496 ab·

376 3523 476 3596 (Theb.
489 3523 563 3590 vm,
575 3521 643 3594 718)
654 3525 682 3575 in
697 3522 791 3576 eadem
802 3542 882 3592 enee,
927 3521 1034 3582 sistunr,·
1043 3523 1159 3574 Petrens.
1168 3521 1281 3574 Cantab.
1290 3523 1435 3574 Burmann.

377 3601 437 3655 libri
447 3602 624 3673 manuscripti
635 3613 755 3668 aetarn-
769 3603 865 3655 Bsnrn.
927 3600 1007 3652 Laur.
1023 3599 1123 3654 Buslid.
1144 3600 1247 3654 Behott.
1266 3619 1290 3669 r,
1308 3619 1336 3666 n,
1354 3599 1434 3653 Aldd.

414 3680 456 3748 4ο.
480 3680 547 3732 Tum
559 3681 687 3754 sanquine
738 3680 881 3734 mllehott.
927 3677 1436 3752 Culin.Gryph.llasil.Plnnt.linden-

380 3775 404 3825 ι,
421 3777 449 3824 a,
465 3769 526 3811 tune
536 3759 664 3831 sanquine
670 3677 740 3830 Ab:
927 3758 1003 3830 breg.
1017 3761 1095 3812 Grae.
1109 3762 1195 3816 cereri
1207 3774 1233 3812 es
1246 3775 1357 3814 recenti.
1372 3763 1435 3814 assi-

412 3836 456 3903 4ι.
476 3837 595 3889 Membra
609 3836 701 3902 simul,
717 3835 797 3891 simul
808 3853 883 3888 unna
927 3849 1005 3892 stunt.
1018 3867 1055 3879 -
1066 3839 1130 3911 Reg.
1152 3841 1186 3908 ll,
1206 3840 1334 3893 absistunt
1353 3840 1434 3908 socii,

266 3967 270 3974 „
376 3929 476 3970 ruunt.-
492 3917 581 3969 mnder
596 3917 679 3970 ardua
689 3919 769 3994 fletu.
786 3916 881 3989 Margo
928 3927 1105 3992 monstratque
1116 3930 1248 3992 gementes
1261 3918 1357 3981 baben
1368 3920 1433 3991 neg.

376 3993 418 4047 ed.
432 3993 520 4047 nauh.
539 4013 570 4046 ex
589 3995 668 4048 codd.
685 3997 804 4048 Membra
815 3997 880 4050 selo.
927 3997 964 4064 C,
984 3997 1112 4050 absistunt
1128 4014 1149 4050 s.
1173 4009 1371 4074 monstrantque
1388 4018 1437 4073 pe-

342 4121 348 4130 .
375 4075 445 4128 Dan.
463 4075 551 4127 madet
569 4075 731 4152 aureafleru.
743 4077 883 4129 -Mader
927 4089 1034 4130 mentes.
1055 4080 1100 4130 En.

375 4156 459 4209 ardua
473 4156 536 4215 {lesu
548 4155 611 4206 Jam
621 4155 709 4228 palen.
722 4154 763 4206 cf.
778 4168 834 4207 nnt.
849 4154 882 4210 ad
963 4155 1006 4223 48.
1021 4160 1086 4211 Cum
1099 4175 1161 4210 uoce
1167 4155 1297 4231 profirdit.
1309 4157 1435 4232 Optimus

375 4234 460 4288 Theb.
470 4235 542 4302 Vlll,
555 4226 619 4288 1632
629 4232 686 4306 bnj.
695 4248 717 4287 t.
726 4252 753 4306 p.
766 4249 824 4288 112.
834 4237 882 4288 En.
928 4233 1026 4310 aliique
1036 4235 1117 4292 codd.
1127 4237 1276 4308 Barthiani,
1283 4239 1433 4314 profundit.
