3196 5158
544 609 686 673 LIBER
710 607 792 672 Vll.
1148 635 1188 702 ²7

189 736 393 832 Ultoresque
404 733 461 802 alii
472 759 480 802 ε
492 759 585 804 nunc
596 737 688 827 regia
699 737 718 802 J
720 757 790 803 uno
803 747 973 830 queretur.
987 765 1001 794 s

236 851 297 917 llis
308 847 366 916 ille
381 846 503 916 auditis
515 862 733 943 mentemque
745 845 1113 942 habitumquerecepit.

189 961 235 1027 Ut
246 983 352 1054 quum
365 959 437 1027 sole
449 958 555 1042 malo,
567 959 722 1054 tristique
734 959 859 1026 rosaria
870 957 999 1050 pallent

190 1074 274 1139 Usta
286 1076 389 1154 Noto,
403 1075 431 1140 si
443 1071 532 1140 clara
542 1070 630 1155 dics,
645 1071 858 1166 Zephyrique
870 1070 987 1138 refecit

192 1187 280 1250 Aura
292 1181 428 1274 polum,
442 1182 528 1251 redit
539 1185 648 1250 omnis
660 1181 785 1264 bonos,
799 1183 989 1277 emissaque
1001 1182 1116 1250 lucent
1141 1197 1191 1250 υς

192 1296 366 1378 Germine,
380 1311 414 1365 et
424 1297 584 1364 informes
596 1310 695 1363 ornat
706 1319 766 1362 sua
779 1293 884 1388 gloria
896 1296 1017 1386 virgas.

239 1405 399 1484 Nuntius,
411 1406 568 1472 attonitas
577 1400 777 1497 jamdudum
790 1401 934 1470 Eteoclis
946 1401 988 1470 ad
1000 1425 1099 1470 aures

192 1511 372 1605 Explorate
383 1514 512 1598 ferens,
527 1515 630 1608 longo
642 1513 740 1586 docet
750 1517 883 1606 agmine
894 1515 1012 1582 Graios

192 1623 245 1688 Ire
257 1618 359 1690 duces
370 1674 378 1705 ‚
391 1646 453 1691 nec
461 1621 533 1718 jam
545 1626 658 1692 Aoniis
671 1622 790 1717 procul
803 1622 918 1692 abfore
930 1625 1075 1716 compis;

148 1837 396 1893 redormvrde
411 1843 499 1896 burm.
513 1842 646 1896 aanler.
728 1843 788 1897 223.
817 1843 879 1898 Sole
903 1844 983 1896 malo·
1007 1842 1121 1895 Torrido
1146 1859 1195 1896 sen

148 1917 232 1968 Flore.
248 1921 273 1984 l,
291 1935 354 1987 roo,
368 1935 394 1974 et
408 1924 456 1990 Vl,
474 1922 582 1995 149.-
594 1925 649 1976 Ao·
691 1924 778 1994 iqneo.
793 1952 829 1963 -
844 1923 923 1976 Tristi
941 1934 1010 1978 noto.
1028 1922 1128 1976 Nubilo
1148 1941 1196 1974 su-

148 1996 204 2050 nis's.
216 1995 362 2052 Thebanis.
692 2015 761 2064 stro;
777 2014 921 2054 estensem
939 2001 1047 2055 floribus
1063 2002 1194 2054 inimicus.

183 2092 241 2129 aar.
265 2077 482 2152 Ultoresqneals's'.
494 2081 543 2135 Vel
555 2081 650 2136 intelli·
691 2081 727 2133 Ut
746 2079 838 2152 virgil.
857 2079 912 2133 Ecl.
933 2083 972 2147 Π,
991 2079 1039 2133 582
1062 2079 1195 2132 sfloribus

147 2157 184 2228 git
195 2158 329 2228 Epigonos
345 2161 391 2232 qni
408 2159 443 2212 nd
461 2161 648 2216 vindicandam
693 2171 811 2212 nostrum
824 2159 943 2212 Perditus
957 2158 1069 2227 immisi,
1082 2171 1156 2212 ete..

146 2249 256 2288 mortem
269 2239 410 2308 parentum
422 2254 572 2293 everterunt
580 2241 650 2294 The-
729 2238 789 2292 225.
804 2241 866 2292 ned.
877 2259 900 2292 o.
913 2241 939 2292 li.
950 2241 1090 2312 emissaque
1099 2239 1195 2292 lucent.

146 2312 258 2366 barsvel
266 2316 445 2370 Alexandrum
453 2319 577 2391 Magnum
587 2323 647 2392 qui,
695 2321 833 2374 «Pessime
851 2339 972 2392 magones
992 2321 1098 2393 qnidam
1119 2321 1196 2386 libri,

146 2391 237 2446 dirutis
246 2393 361 2462 Thebis,
371 2401 540 2452 omnescires
549 2401 598 2453 snb
606 2421 650 2453 co-
692 2401 843 2472 amissoque.
855 2423 866 2447 ι
877 2403 974 2454 Bsnrn.
983 2429 1020 2442 —
1028 2400 1104 2453 Redit
1112 2401 1198 2454 omnis

145 2489 211 2524 rone
222 2473 348 2526 vendidit.
359 2476 428 2528 Nam
440 2476 492 2530 boc
502 2477 535 2531 de
544 2479 648 2534 Theseo
693 2476 783 2532 bonos.
804 2479 865 2547 Sic,
884 2482 986 2552 inquit,
1005 2477 1091 2530 letitie
1109 2478 1197 2531 Liberi

145 2550 256 2622 intelligi
268 2572 322 2605 non
334 2569 440 2625 potest,
453 2560 498 2628 qui
510 2577 564 2610 non
580 2577 650 2611 ever-
693 2571 810 2610 mutatas
829 2571 869 2610 est
884 2557 971 2610 vultus
990 2555 1116 2627 grandem
1135 2569 1197 2629 post

146 2633 177 2683 tit
186 2631 304 2698 Thebes,
316 2633 364 2685 sed
375 2633 460 2687 solum
471 2635 542 2689 caede
551 2637 650 2690 Creon·
693 2637 823 2689 tristitiam
837 2675 846 2702 ,
870 2635 1095 2710 quemadmodum
1118 2633 1197 2687 flores

145 2711 195 2776 tis,
209 2731 238 2762 ac
255 2711 363 2781 prelio,
379 2727 425 2766 ent
439 2716 517 2766 etiarn
534 2730 614 2786 pecto
633 2733 649 2768 a
694 2714 772 2770 flante
784 2730 888 2780 austro;
903 2719 947 2789 qui
958 2717 1021 2768 solie
1032 2717 1113 2766 nimio
1123 2715 1198 2766 calo·

145 2789 243 2842 Thebis
258 2789 374 2843 obtinuit
386 2797 430 2864 jus
445 2792 588 2866 sepeliendi
602 2795 650 2846 Ar·
693 2812 722 2846 re
733 2794 895 2866 pallescunt,
909 2793 1075 2866 perdantque
1086 2795 1197 2864 gratiam

145 2871 234 2940 givos,
245 2871 325 2941 quiin
334 2869 385 2922 bac
393 2891 482 2944 pugna
491 2872 649 2928 ceciderant.
694 2873 835 2945 adspectus
848 2877 904 2935 sui;
919 2893 951 2926 ac
964 2890 1054 2925 rursus
1064 2875 1087 2924 si
1098 2869 1198 2943 placidi

56 2983 58 2991 ι
144 2951 269 3002 -ansc
280 2951 350 3022 sepia
360 2951 431 3002 luno
440 2965 566 3024 queretur.
576 2954 650 3024 Argi·
693 2955 802 3005 Favonii
816 2955 955 3024 spiraverit
970 2951 1063 3018 flatus,
1079 2963 1104 3001 et
1116 2951 1199 3002 siren·

145 3046 193 3080 ras
208 3031 279 3081 enim
296 3033 425 3096 exercitus
439 3031 514 3084 fusus
528 3033 650 3104 fugatus·
694 3045 734 3086 tes
749 3030 848 3084 herbas
866 3031 984 3104 frigidior
998 3043 1093 3081 ventus
1107 3047 1198 3081 erexe-

146 3127 213 3181 que,
226 3127 257 3162 ec
270 3111 352 3163 occisi
363 3112 452 3182 Argivi
465 3111 560 3179 duces,
572 3127 598 3166 et
611 3131 650 3166 so·
693 3115 739 3178 n't,
751 3109 889 3164 etodorem
898 3111 1060 3181 reeipinotet
1069 3107 1197 3161 colorem.
1266 3165 1270 3172 ¹

143 3186 186 3241 lus
198 3188 327 3241 Adrastus
337 3189 386 3242 sibi
397 3191 467 3261 turpi
479 3191 543 3264 fuga
553 3210 650 3244 consu·
730 3207 789 3259 227.
804 3195 858 3242 Art.
865 3190 954 3262 jamd.
968 3187 1090 3242 Eteoclis.
1103 3189 1198 3241 Ethio-

142 3268 203 3320 lnit.
217 3297 250 3310 -
262 3270 351 3345 Rapio.
369 3271 411 3324 Sic
424 3271 502 3326 ovid.
520 3275 583 3326 Met.
598 3275 649 3341 Vl,
693 3269 740 3322 elis
752 3289 820 3322 unus
829 3270 924 3324 Bebot.
937 3299 974 3310 -
987 3268 1198 3341 Attonitosjum-

143 3347 199 3418 94:
223 3367 327 3419 squam
344 3350 416 3420 regia
434 3351 506 3402 Juno
524 3353 552 3402 ln
572 3351 651 3404 solu·
694 3349 790 3402 dudum
801 3351 844 3402 Et.
855 3350 979 3402 adureres.
990 3349 1199 3418 Insperntecon·

142 3444 218 3478 erem
233 3429 316 3479 vertit.
328 3451 340 3474 ι
355 3455 392 3466 -
407 3428 482 3481 Tunc
494 3431 563 3505 sepia
578 3431 650 3482 June
691 3431 830 3500 junctione
841 3442 881 3480 tot
888 3447 978 3500 regum
989 3441 1013 3480 et
1025 3429 1197 3480 exercituum.

143 3517 275 3578 queretur.
289 3508 440 3559 Reformsri
453 3511 481 3560 in
495 3527 650 3580 germanum
731 3524 790 3577 ²²9·
810 3509 852 3559 Ire
869 3509 958 3570 eluces,¹
976 3525 1023 3559 nee
1038 3509 1093 3578 jam
1107 3506 1199 3560 Aoniis

144 3587 282 3638 sentemiae
297 3584 419 3638 habitum
432 3607 464 3640 ex
477 3587 611 3641 veteribus
624 3601 651 3640 et
692 3586 787 3657 procul
800 3587 888 3658 abfore
903 3586 1008 3658 eampis.
1027 3585 1094 3636 Dan.
1110 3585 1196 3636 Peter.

143 3665 263 3718 editione
277 3667 413 3737 principe,
428 3669 455 3718 in
470 3670 562 3738 queis:
580 3685 651 3720 uisne
695 3667 773 3717 baur.
793 3665 885 3718 Bebot.
905 3681 929 3732 r,
947 3679 973 3718 et
989 3665 1108 3736 plerique
1125 3664 1198 3736 affo-

145 3746 234 3816 regia,
256 3747 358 3814 optimo
379 3763 467 3797 sensu.
488 3748 560 3798 luno
581 3748 650 3802 enirn
695 3763 735 3806 res
759 3744 851 3797 Bebot.
874 3761 903 3809 n,
925 3744 1073 3808 Bnrtbisni,
1091 3757 1118 3794 et
1136 3741 1196 3794 edd.

143 3823 277 3888 Adrasto,
291 3827 400 3896 ejusque
411 3827 535 3878 exercitui
545 3827 651 3894 favens,
695 3836 803 3875 recentt.
821 3824 924 3896 absens,-
942 3825 983 3874 Fr.
1003 3822 1109 3874 Medius
1126 3825 1197 3894 conj.

145 3906 241 3954 merito
254 3906 384 3974 conqueri
394 3902 522 3968 debebat,
535 3903 653 3976 quondo·
694 3902 776 3974 afore.
788 3932 823 3942 -
835 3905 897 3974 Req.
915 3905 946 3970 B,
962 3904 1085 3975 Necjom
1101 3903 1199 3955 Aonias

146 3982 255 4051 quidem
275 3985 387 4036 victoria
407 4001 489 4054 penes
510 3983 651 4055 Tbebanos
694 3979 786 4054 procul
805 3981 879 4054 afore
896 3984 1008 4055 eampis,
1030 3981 1076 4035 sed
1095 3981 1199 4034 literss'

146 4074 204 4113 erat
218 4063 315 4114 future.
335 4063 462 4114 Besessr.
695 4063 873 4134 suprascripta
895 4063 940 4115 det
965 4062 1155 4132 Aoniis511eg·
1177 4059 1199 4112 C

189 4157 249 4191 22².
273 4141 461 4212 Habitumque.
485 4139 538 4193 Alii
560 4138 652 4212 legunt
694 4154 765 4193 nost.
784 4140 844 4192 lect.
860 4140 949 4193 hebet.
968 4143 1015 4193 En.
1032 4171 1067 4182 —
1081 4141 1131 4191 Ire.
1147 4139 1197 4189 Pro

146 4219 334 4291 animumque,
351 4219 397 4271 sed
411 4217 503 4272 melius
518 4219 651 4286 liuditum,
696 4222 794 4272 venire.
804 4218 841 4272 Ut
852 4219 941 4291 virgil.
957 4217 1058 4272 AEneid.
1074 4219 1114 4284 11,
1127 4215 1196 4286 375:

148 4296 170 4346 i.
180 4317 202 4349 e.
213 4297 323 4350 cultum.
334 4297 394 4350 Vid.
404 4300 468 4353 Eae.
479 4299 513 4352 ad
522 4299 588 4352 calc.
604 4300 650 4352 Eo.
699 4317 767 4353 eros
778 4317 850 4352 nune
866 4317 882 4351 e
893 4298 1001 4351 navibus
1012 4298 1065 4349 itis.
1076 4317 1088 4344 s
