3256 5160
610 504 754 566 LIBER
781 506 805 566 l.

1173 509 1239 596 509

229 635 272 698 Et
283 635 431 698 Lemnos
444 653 514 696 nou
526 652 625 722 aequa
637 629 731 710 viris,
744 644 845 722 atque
856 627 989 722 hospita
1001 633 1102 712 Delos
1187 648 1239 700 206

228 742 411 811 Gentibus:
426 741 553 810 imbelli
565 766 677 834 nuper
692 741 940 835 Lycomedisin
952 743 1031 814 aula

229 858 404 948 Virginaos
416 872 539 938 coetus,
554 870 588 923 et
599 854 699 923 litora
710 879 857 948 persona
869 855 952 924 ludo

229 967 403 1050 Audierat,
415 967 518 1036 duros
531 967 701 1035 laxantem
713 973 871 1059 AEgaeona
883 993 991 1037 nexus

230 1081 335 1146 Missa
347 1082 459 1174 sequi,
476 1095 683 1171 centumque
695 1080 755 1146 Dei
769 1102 948 1146 numerare
960 1095 1107 1148 catenas.
1190 1112 1241 1146 πω

230 1193 312 1257 Haec
321 1189 448 1282 placet,
462 1188 536 1258 haec
548 1186 674 1258 timidae
687 1187 787 1256 tellus
802 1192 968 1258 tutissima
978 1193 1089 1259 matri.

277 1300 394 1388 Qualis
406 1302 517 1368 vicino
529 1299 677 1369 volucris
686 1297 758 1393 jam
771 1300 890 1369 sedula
900 1319 1017 1394 partu,

184 1531 222 1581 sic
233 1527 309 1580 dictae
321 1525 394 1600 quod
407 1529 433 1580 in
447 1527 539 1580 orbern
550 1527 689 1598 objacent:

184 1610 377 1681 quinquaginta
387 1623 440 1660 tres
450 1628 563 1661 numero
573 1621 643 1660 sunt.
650 1609 692 1659 Vi·

183 1687 309 1740 deTbeb.
319 1690 367 1755 111,
377 1688 691 1759 438.-Myconos.una

184 1786 199 1818 e
212 1766 381 1840 Cycladibus.
392 1797 429 1807 -
440 1766 607 1838 Huurilisque
621 1767 690 1818 Seri·

182 1846 257 1918 phos.
277 1845 403 1918 Seriphos
420 1865 473 1897 una
490 1865 504 1898 e
521 1844 688 1917 Cycladibus.

183 1956 219 1966 -
228 1925 353 1978 Humilis.
363 1924 410 1977 Vel
421 1928 481 1998 quia
495 1937 590 1995 parva:
605 1938 634 1975 ut
645 1927 690 1976 Ju-

184 2005 282 2057 venalis
299 2006 351 2070 Vl,
366 2004 433 2072 5643
449 2017 475 2055 et
489 2004 527 2068 X,
544 2004 691 2073 1702Par-

185 2104 270 2159 vaque
281 2083 390 2154 Seripho
398 2107 408 2146 ‚·
422 2101 482 2136 nam
494 2087 550 2154 ejus
563 2082 690 2146 ambitus,

183 2178 252 2217 teste
267 2165 351 2238 Plinio
368 2162 508 2215 duodecim
522 2175 624 2214 tantum
635 2161 690 2214 mil-

184 2242 251 2295 lium
264 2245 390 2314 passuum
402 2257 458 2307 est,
471 2255 516 2293 aut
530 2261 558 2293 re
573 2259 632 2292 vera
646 2239 694 2291 ab·

182 2325 269 2393 jecta,
282 2336 307 2374 et
318 2340 411 2393 parum
422 2323 694 2384 fera13nam,uueto-

185 2419 214 2454 re
233 2401 381 2465 Strabone,
403 2400 524 2472 lapidosa
546 2413 593 2452 est.
614 2402 643 2451 ln
663 2417 694 2450 ea

186 2481 273 2534 insula
286 2481 427 2533 educatum
442 2479 535 2537 llersea
547 2479 666 2529 referunt
680 2496 694 2530 a

736 1531 817 1598 liegg.
827 1528 920 1592 BetG,
933 1527 1123 1599 lycomedisab
1132 1526 1193 1580 aula
1204 1547 1244 1580 ex·

736 1607 1008 1660 hibent.-1m1›etli.
1023 1609 1070 1660 Vel
1086 1610 1148 1679 quia
1164 1627 1242 1660 sentus

737 1700 793 1738 erat
809 1687 970 1758 Lycomedes
985 1707 1030 1739 rex
1045 1688 1117 1760 Scyri
1135 1686 1243 1750 insule,

736 1764 776 1817 vel
792 1766 863 1836 qnod
879 1767 1018 1817 sitantum
1033 1779 1120 1818 essent
1134 1765 1200 1817 lilia.

775 1863 834 1915 209.
859 1847 943 1900 Durus
963 1847 1095 1898 laxantem
1117 1849 1244 1920 AEyoeona

739 1945 820 1978 nexus
831 1927 911 1979 Missa
921 1927 1001 2000 sequi.
1017 1929 1121 1998 AEgreou
1132 1943 1200 1977 unus
1213 1945 1245 1978 ex

738 2005 910 2075 Gigantibus,
922 2007 966 2078 qui
977 2019 1070 2056 contra
1080 2007 1150 2057 Deos
1161 2004 1245 2057 bella-

738 2097 815 2136 runt:
830 2083 977 2134 vocabatur
987 2086 1108 2136 Briareus
1120 2098 1145 2135 et
1156 2085 1245 2135 Centi-

739 2181 842 2215 manus.
854 2164 882 2214 ln
893 2181 1000 2234 poenam
1011 2176 1100 2215 autem
1111 2162 1144 2215 ad
1154 2162 1246 2235 Cycla·

739 2241 803 2292 dum
831 2241 958 2313 scopulos
985 2241 1107 2314 alligatus
1135 2255 1182 2294 est.
1213 2241 1246 2294 Et

739 2325 820 2374 Poeta
841 2321 915 2391 fingit
935 2321 1077 2374 Thetidem
1098 2321 1160 2374 illuc
1183 2325 1246 2374 mis·
1348 2322 1353 2334 '

740 2423 796 2456 sam
811 2405 906 2468 luisse,
921 2402 1133 2469 observaturam,
1146 2423 1179 2455 ne
1192 2407 1247 2456 rin·

740 2482 800 2534 cula
812 2483 965 2535 dissolveret
980 2485 1108 2536 Briareus.
1119 2515 1155 2524 -
1167 2485 1246 2537 Missa

186 2562 262 2615 Dicte
275 2564 423 2634 piscatore,
441 2563 486 2632 qui
501 2559 641 2612 adduxisse
653 2579 694 2610 re·
739 2563 818 2632 sequi.
833 2562 952 2632 Eleganti
967 2563 1118 2615 Graerismo.
1135 2562 1247 2615 Ovidius

187 2642 258 2694 tibus
277 2642 376 2694 dieitur
390 2660 495 2703 arcam,
515 2642 542 2690 in
564 2658 615 2712 qua
630 2642 693 2691 Per·
740 2639 789 2710 Ep.
798 2639 959 2711 Penelopes,
969 2643 1016 2711 up.
1029 2645 1053 2704 Ι,
1064 2643 1113 2710 37:
1128 2665 1138 2688 ι
1150 2643 1247 2693 Omnia

188 2740 248 2774 seus
276 2740 337 2773 cum
364 2735 447 2772 matre
473 2721 566 2771 Danae
591 2721 695 2790 positus
740 2741 857 2796 namque
879 2736 925 2773 tuo
949 2725 1051 2788 senior,
1081 2735 1108 2774 te
1128 2739 1247 2794 quaerere

188 2813 262 2864 erat,
283 2819 419 2871 quamque
437 2813 514 2869 pater
531 2799 648 2850 Acrisius
669 2799 696 2849 in
743 2804 821 2852 misso
847 2801 983 2852 Retulerat
1007 2814 1105 2852 natos
1134 2803 1248 2872 Proper·

188 2897 260 2931 mare
274 2880 431 2950 projecerat.
742 2881 794 2932 tius
805 2878 850 2929 lib.
861 2880 897 2943 ΙΙ,
914 2879 952 2930 El.
979 2879 1025 2942 16,
1046 2895 1076 2950 17
1092 2901 1098 2929 ι
1118 2882 1249 2950 «Semper

226 2959 287 3010 uoti.
301 2959 333 3008 E.
348 2957 376 3008 1..
391 2975 417 3006 n.
429 2973 458 3006 at.
470 2973 494 3006 v.
504 2967 583 3028 atque
594 2953 694 3026 hospita
740 2961 767 3010 iu
793 2960 931 3010 Oceanum
958 2959 1037 3010 mittit
1065 2977 1105 3009 uie
1131 2977 1248 3031 quarere

187 3039 275 3094 Delos:
297 3041 360 3090 Exe.
381 3039 459 3107 Bur-q.
483 3047 539 3108 atqi
564 3035 694 3105 inhospita
738 3055 875 3106 gemmas,
894 3039 926 3089 Et
937 3037 1013 3106 jubet
1034 3055 1064 3088 ex
1083 3039 1142 3106 ipsa
1157 3037 1249 3088 tollere

188 3120 282 3184 Delos,
297 3117 379 3169 voluit
391 3115 529 3180 librarius,
542 3125 567 3165 et
578 3113 696 3186 inhospi-
741 3117 812 3168 dona
830 3120 932 3188 Tyron
961 3115 1054 3169 Callus
1075 3119 1141 3168 Hist.
1162 3116 1207 3170 lib.
1227 3121 1247 3168 1.

189 3210 215 3251 ta
230 3198 316 3252 Delos.
329 3225 363 3236 -
375 3197 493 3247 Lemnos.
511 3193 601 3245 insula
615 3195 696 3246 maris
744 3196 889 3248 «Celocem
901 3198 927 3246 iu
941 3197 1057 3248 Africam
1071 3197 1149 3248 mittit
1166 3199 1248 3249 visere

188 3280 257 3330 lonii
269 3277 392 3346 adjacens
405 3271 695 3324 Macedonia-*Non
740 3275 843 3338 locum,
862 3276 908 3328 ubi
929 3277 1073 3329 exercitum
1094 3289 1218 3346 exponat.
1235 3299 1246 3322 n

189 3377 264 3432 oequu
287 3356 353 3408 uiris.
376 3355 446 3422 Quia
470 3353 583 3403 Lemuiae
605 3371 696 3404 omnes
779 3373 838 3407 ato.
861 3359 1019 3429 Certumque
1036 3359 1086 3408 Dei
1102 3374 1249 3408 nermerare.

190 3457 276 3492 suares
293 3435 457 3489 occiderunt.
472 3433 539 3484 Vide
555 3433 640 3485 Theb.
661 3438 697 3499 V,
742 3439 777 3488 Ut
792 3439 913 3490 immensi
932 3436 1038 3488 roboris
1059 3449 1127 3502 erat,
1142 3447 1249 3488 eentum

195 3520 243 3572 186
256 3534 282 3572 et
293 3539 351 3591 sqq.
364 3521 390 3568 in
404 3534 458 3588 quo
473 3529 528 3566 tota
543 3513 598 3566 buc
613 3514 698 3564 bisto-
742 3518 841 3568 catenis
854 3535 922 3587 opus
937 3515 1081 3580 babuerat,
1095 3529 1124 3567 nt
1143 3515 1251 3567 lirmiter

191 3601 229 3651 ria
242 3601 360 3651 refertur.
373 3625 408 3636 -·-
421 3595 531 3664 Hospita
543 3594 630 3646 Delos.
645 3596 698 3645 De·
742 3595 867 3662 ligaretur
882 3617 888 3644 :
909 3593 1073 3665 speculatum
1088 3613 1153 3664 ergo
1167 3596 1250 3647 iverat

190 3678 232 3730 los
251 3677 394 3750 Cycladum
417 3673 516 3738 media,
538 3687 564 3724 et
585 3672 697 3725 multum
743 3674 832 3726 Thetis
856 3693 889 3725 an
920 3677 1026 3746 integra
1050 3673 1137 3725 adbuc
1159 3691 1250 3725 omues

191 3757 303 3810 celebris
313 3755 412 3826 templo
423 3755 585 3824 oraculoque
595 3752 699 3825 Apolli·
744 3766 838 3806 essent.
857 3755 1016 3804 Catenarum
1038 3751 1131 3804 barum
1154 3753 1251 3803 mentio

192 3841 247 3904 uis,
265 3851 439 3902 commeatu,
455 3835 634 3887 undedicitur
651 3834 698 3886 ho·
743 3843 783 3883 est
808 3830 877 3902 apud
900 3831 1095 3898 Claudianum,
1120 3829 1250 3894 xxxin,

191 3919 257 3989 spite
266 3918 394 3988 pentibus,
402 3917 462 3988 quia
471 3928 550 3968 etoto
561 3915 625 3966 orbe
635 3914 698 3966 illuc
744 3911 778 3982 45
792 3926 817 3963 et
830 3931 885 3984 seq.
900 3925 1046 3964 ucruentus
1061 3912 1166 3982 AEgaeon
1178 3912 1250 3982 posi·

192 3996 363 4048 confluebant
371 3996 480 4066 populi,
489 4009 542 4048 tam
553 3994 589 4048 ad
599 4013 696 4047 consu·
742 3993 788 4055 tis,
802 4004 851 4044 ete.
863 4013 874 4038 ι

192 4075 301 4128 lendum
317 4074 469 4139 oraculum,
490 4095 570 4148 quam
587 4089 698 4148 propter
780 4088 839 4123 212.
864 4070 958 4144 Qualis
979 4073 1073 4124 vicino.
1095 4071 1204 4142 Optima
1225 4083 1251 4121 et

193 4155 391 4208 celeberrimum
401 4168 555 4208 mercatum.
743 4154 856 4204 maxime
870 4169 989 4222 congrua
1003 4152 1177 4222 comparatio.
1192 4151 1251 4200 Ma·

231 4253 290 4306 ²⁰7·
312 4237 343 4289 G.
357 4236 375 4288 i.
389 4254 415 4288 n.
426 4235 579 4307 Lycomedis
588 4235 615 4287 iu
626 4232 697 4286 aula.
744 4245 783 4284 ter
800 4233 869 4284 enim
881 4230 974 4284 Thetis
986 4233 1026 4284 avi
1040 4232 1164 4302 pariture
1176 4247 1251 4281 com·
