3284 5162
424 529 490 606 doo
658 523 692 586 P.
718 523 752 586 P.
779 519 932 586 STATH
957 521 1230 590 THEBAIDOS

470 659 628 721 lmecum
639 647 682 716 ad
694 669 809 714 manes
824 671 831 712 :
845 645 914 713 illic
924 670 1059 741 quoque
1071 665 1167 740 pacta
1180 673 1369 742 reposcam,
1415 661 1467 734 ⁵7⁰

468 767 500 834 Si
512 759 613 830 modo
625 760 787 850 Agenorei
799 773 863 826 stat
875 760 1016 826 Gnossia
1025 756 1146 850 judicis
1158 786 1259 844 urna,

468 882 540 962 Qua
553 895 647 964 reges
660 872 778 962 punire
790 867 899 936 datur.
913 901 926 930 ι
944 875 1012 936 Nec
1024 869 1121 963 plura
1134 869 1282 954 loeutus,

467 984 634 1064 Concidit,
649 998 682 1048 et
695 983 770 1049 totis
783 980 920 1048 fratrem
933 984 1042 1072 gravis
1054 981 1165 1049 obruit
1176 986 1289 1052 armis.

516 1101 563 1163 ite
575 1111 686 1161 truces
697 1094 833 1174 animae,
846 1091 1044 1186 funestaque
1055 1097 1195 1160 Tartara
1206 1093 1274 1163 leto

468 1205 623 1286 Polluite,
639 1219 672 1272 et
683 1219 818 1270 cunctas
830 1203 928 1272 Erebi
940 1187 1126 1273 consumite
1138 1229 1264 1298 poenas.
1413 1219 1466 1289 575

469 1323 604 1411 Vosque
615 1312 711 1382 malis
723 1312 914 1394 hominurn,
926 1315 1063 1406 Stygiae,
1072 1310 1144 1406 jam
1156 1319 1297 1406 parcite,
1310 1315 1413 1384 nivae.

468 1427 632 1500 Omnibus
646 1427 679 1492 in
692 1425 788 1491 terris
801 1422 911 1492 scelus
923 1422 1004 1504 hoc,
1017 1429 1177 1520 omnique
1189 1427 1252 1494 sub
1264 1451 1336 1496 aevo

468 1537 597 1606 Viderit
607 1559 675 1604 una
685 1534 771 1616 dies,
783 1549 1038 1629 monstrumque
1051 1535 1174 1604 infame
1185 1537 1304 1604 futuris

467 1645 621 1727 Excidat,
634 1662 667 1712 et
679 1643 739 1711 soli
752 1659 939 1712 memorent
950 1642 1022 1711 haec
1034 1644 1148 1736 praelia
1160 1669 1267 1738 reges.

512 1765 555 1826 At
565 1757 711 1850 genitor,
724 1753 858 1821 sceleris
869 1771 1041 1847 comperto
1054 1755 1137 1838 fine,
1149 1755 1324 1849 profundis
1414 1769 1466 1824 sao

466 1873 598 1963 Erepsit
608 1867 770 1948 tenebris,
783 1889 939 1960 saevoque
950 1890 969 1932 e
980 1865 1093 1936 limine
1105 1869 1233 1960 profert

466 1987 610 2049 Mortem
622 1977 850 2072 imperfectam
864 2002 871 2042 :
885 1977 988 2044 veteri
1003 1993 1069 2046 stat
1080 1978 1214 2048 sordida
1226 1981 1303 2049 tabo

466 2099 616 2186 Utraque
627 2092 782 2172 canities,
795 2103 828 2154 et
839 2086 945 2155 durus
958 2092 1120 2181 sanguine
1132 2094 1233 2158 crinis

455 2259 516 2329 570.
539 2256 670 2308 Imeeum
691 2254 727 2306 ad
742 2270 845 2305 manes.-
864 2250 921 2304 iiiie
1000 2253 1059 2324 578.
1077 2255 1134 2307 Una
1146 2256 1206 2308 dies.
1217 2257 1268 2308 Ista
1280 2267 1464 2327 tnntnm‚quo

419 2332 920 2412 quoquepnctareposcam.Huemerum
963 2334 1062 2386 factum
1075 2349 1114 2388 est
1126 2349 1268 2388 certarnen.

419 2421 520 2470 rue-
529 2419 592 2484 Ποῦ.
610 2415 629 2464 Β
645 2411 738 2477 habet,
755 2410 805 2464 duc
818 2429 919 2462 meeum
1000 2417 1059 2484 579.
1073 2415 1110 2466 Et
1120 2415 1169 2466 soii
1181 2425 1322 2467 memorent
1334 2413 1388 2466 hoee
1396 2431 1465 2485 pnt-

418 2497 454 2550 αά
468 2513 571 2547 manes,-
587 2490 649 2544 Illic
667 2508 768 2562 qnoque
783 2500 860 2560 pacta
879 2505 920 2540 re-
965 2493 1001 2544 tn
1012 2512 1087 2566 reyes.
1102 2495 1137 2544 Ut
1149 2507 1272 2558 caveant,
1285 2513 1318 2544 ne
1331 2495 1357 2544 in
1369 2493 1465 2545 similes

417 2593 537 2648 poscam
549 2576 612 2642 fleg.
627 2571 649 2622 C
662 2582 781 2621 nostram
797 2567 857 2620 leet.
872 2569 918 2618 En.
963 2571 1080 2624 incidant
1090 2575 1281 2636 contentiones,
1290 2589 1403 2642 quarum
1412 2585 1464 2622 tam

417 2657 476 2706 -1
483 2652 622 2706 meenmad
628 2667 723 2702 manes.
733 2649 793 2698 Non
801 2647 919 2698 omittam
963 2650 1093 2702 infaustus
1103 2649 1168 2702 solet
1180 2668 1236 2702 esse
1248 2653 1338 2702 exitus.

418 2747 445 2788 te
461 2735 540 2785 etiam
560 2730 612 2782 iliie
630 2727 767 2800 persequi,
785 2726 847 2794 quia
862 2743 918 2790 tne,
1000 2731 1059 2782 581.
1072 2731 1173 2800 Erepsit
1188 2731 1303 2782 tenebris.
1317 2731 1414 2802 Erupit
1428 2742 1464 2784 te·

418 2816 463 2886 qui
481 2815 566 2882 justas
589 2825 682 2862 causas
702 2819 726 2858 te
743 2801 918 2876 persequendi
962 2810 1044 2861 nebris
1055 2811 1123 2862 Dan.
1136 2811 1238 2882 Erepsit
1249 2811 1351 2864 latebris
1361 2813 1464 2882 optimae

417 2891 564 2954 habebam,
580 2892 745 2960 injustemeo
757 2884 918 2956 patrimonio
961 2887 1060 2940 Barthii
1074 2889 1239 2940 rnetnbranae.
1257 2891 1320 2960 Reg.
1337 2889 1463 2955 Bltebet,

417 2972 587 3027 defraudasti.
960 2967 1057 3042 Erupit
1077 2969 1200 3032 tenebris,·
1214 2972 1282 3042 hog.
1304 2971 1326 3022 C
1346 2985 1463 3024 nostram

452 3054 512 3122 ⁵7¹·
531 3049 659 3123 Apenorei
668 3057 718 3099 stat
731 3041 917 3115 Gnossiajndi·
962 3047 1022 3100 leet.
1035 3049 1082 3101 En.

415 3132 452 3186 eis
464 3150 538 3183 urna.
553 3131 649 3182 Minois
662 3126 718 3178 scil.
733 3125 861 3194 Agenoris
871 3141 918 3194 per
998 3127 1057 3182 582,
1070 3131 1108 3180 Μ,
1120 3129 1136 3180 ι’,
1146 3129 1462 3184 υρῑρήςωιςογᾱῑᾱαῑώο,

415 3213 550 3284 Europam
564 3211 643 3262 filiam
655 3209 772 3276 nepotis,
789 3218 815 3256 et
833 3207 878 3277 qui
891 3208 919 3260 in
962 3206 1030 3260 Dan.
1034 3206 1072 3280 fit
1079 3207 1180 3262 sordida
1190 3210 1407 3263 tabo—Mortem
1418 3211 1464 3261 im-

416 3291 506 3356 Creta,
518 3292 592 3359 cnjus
600 3289 718 3340 Gnossos
730 3299 823 3357 caput,
830 3289 919 3357 justis·
960 3287 1112 3359 perfectam.
1122 3287 1410 3352 Sievocatcaeeitatern3
1419 3307 1463 3342 ote·

415 3363 917 3439 simeregnaverat:undenpudinferos
963 3367 986 3417 ci
1001 3368 1087 3430 enim,
1102 3385 1182 3438 quum
1196 3386 1250 3418 non
1266 3367 1388 3418 fruantur
1403 3366 1463 3420 lnee

414 3461 478 3520 post
490 3459 599 3497 mortem
608 3442 687 3515 judex
696 3443 780 3496 faetus
791 3444 915 3500 ereditur.
961 3463 1035 3516 paene
1054 3447 1150 3497 mortui
1166 3445 1328 3516 judicantur.
1347 3445 1462 3500 Consule

451 3527 510 3594 572.
523 3521 841 3597 Quareqespuniredatur.
853 3525 916 3594 Quae
960 3537 1050 3576 notata
1065 3521 1098 3574 ad
1115 3525 1227 3577 Seneca.
1242 3523 1359 3576 Pheniss.
1374 3537 1425 3576 net.
1437 3527 1462 3590 1,

414 3625 483 3681 reyes
496 3607 563 3657 Dan.
580 3604 632 3674 Qui
647 3621 716 3677 reyes
730 3602 822 3654 Behot.
844 3621 872 3670 t,
889 3617 915 3656 et
959 3601 1013 3671 47ς
1036 3616 1131 3654 nostrae
1149 3602 1257 3655 edition.
1275 3619 1338 3655 tom.
1356 3605 1381 3672 l,
1400 3623 1460 3676 pag.

414 3685 508 3738 Behot.
519 3703 566 3749 n,a
577 3702 611 3732 m.
620 3700 671 3733 sec.
686 3685 820 3734 «Omnino
829 3681 915 3754 legen·
959 3681 1019 3750 376.
1034 3683 1080 3733 Eu.

414 3763 476 3816 dunt
489 3765 559 3834 Qnoe,
567 3774 595 3811 ut
603 3759 699 3810 diserte
710 3761 849 3830 praeferunt
860 3761 913 3814 dno
995 3763 1056 3815 583.
1079 3763 1192 3834 Utraque
1207 3764 1328 3832 canities,
1342 3776 1368 3817 et
1385 3765 1463 3824 dunis

414 3844 507 3914 optimi
519 3839 586 3890 libri.
598 3861 609 3886 n
623 3840 718 3890 Bearn.
958 3842 1083 3912 sanquine
1101 3841 1185 3894 crinis.
1205 3845 1262 3893 Put.
1283 3855 1308 3894 et
1325 3842 1385 3894 duri
1400 3862 1462 3896 sart·

449 3922 509 3992 575.
532 3917 686 3971 consumite.
703 3915 731 3967 id
751 3931 803 3982 est,
822 3937 913 3973 omnes
956 3917 1037 3992 quiue
1055 3919 1143 3972 crines.
1155 3921 1264 3991 -iieg.
1286 3921 1417 3990 Rhebas,
1438 3931 1463 3972 et

413 4004 541 4057 sustinete
555 4017 655 4071 poenss.
668 4000 819 4050 Lactantius
830 3999 914 4071 expli·
959 3997 1034 4050 duros
1041 3999 1165 4072 sanquine
1174 4001 1268 4066 crines,
1279 4011 1304 4051 et
1314 4019 1393 4073 supra
1406 4019 1462 4053 cor·

413 4095 471 4135 cet:
491 4105 501 4128 ι
511 4079 600 4132 Subite
614 4075 783 4129 transeundo.
794 4101 805 4124 ι
960 4094 1074 4131 rectum:
1086 4079 1145 4131 duri
1150 4102 1160 4142 ,·
1169 4083 1233 4150 Reg.
1243 4081 1264 4133 C
1273 4093 1391 4134 nostrum
1399 4081 1459 4134 leet.

449 4161 508 4230 576.
528 4154 626 4231 Styqioe
641 4157 722 4210 Divoe.
743 4153 915 4226 Eumenides,
959 4157 1048 4209 En-
1058 4159 1290 4232 Utraqueeanities.
1302 4161 1401 4234 Capitis
1411 4164 1461 4215 sei-

411 4241 502 4290 Furiae.
959 4237 1033 4304 iicet,
1045 4251 1071 4290 et
1081 4239 1175 4292 harbae.
