3194 5156
389 533 452 615 542
599 533 634 596 P.
660 533 695 597 P.
721 531 876 598 STATll
901 535 1228 604 ACHILLEIDOS

433 661 622 750 Praecipua,
635 673 669 724 et
679 660 796 749 primoe
804 655 877 749 jam
888 673 970 726 tunc
980 657 1059 728 datu
1070 663 1166 753 eopia
1177 664 1294 729 mortis
1309 668 1335 750 z)
1382 677 1431 746 495

484 799 497 830 a
511 771 696 836 Onimium
708 767 839 852 Phoebi,
853 768 1092 865 tripodumque
1103 769 1205 838 oblite
1217 788 1372 854 tuorum,

431 879 645 949 Thestoride!
661 877 798 975 quando
810 904 869 948 ora
881 887 951 949 Deo
966 906 1122 976 possessa
1132 883 1284 951 movebis

431 997 450 1060 J
455 994 582 1060 ustius?
593 1009 652 1060 aut
663 989 799 1086 quando
813 999 990 1060 Parcarum
1003 994 1133 1062 occulta
1145 995 1318 1064 recludes?

433 1107 567 1186 Cernis,
578 1121 616 1172 ut
627 1108 778 1198 ignotum
792 1091 903 1173 'cuncti
915 1123 1334 1203 stupeantquepetantque

432 1212 609 1283 AEaciden?
620 1214 735 1283 sordet
746 1215 847 1307 vulgo
858 1216 1062 1310 Calydonius
1078 1217 1194 1300 heros,
1381 1233 1432 1286 500

431 1331 475 1393 Et
485 1351 608 1419 magno
622 1329 753 1419 genitus
766 1327 966 1411 Telamone,
982 1326 1130 1426 Ajaxque
1143 1329 1328 1414 secundus,

432 1443 499 1506 Nos
512 1461 666 1533 quoque:
681 1437 740 1506 sed
754 1443 888 1508 Mavors
898 1440 1104 1535 abreptaque
1114 1437 1218 1532 Troja
1227 1439 1430 1533 probabunt.

431 1547 551 1629 Illum,
568 1547 744 1640 neglectis,
758 1548 863 1641 pudet
875 1549 956 1618 heu!
974 1549 1191 1632 ductoribus,
1207 1573 1325 1618 omnes

429 1659 630 1751 Belligerum
642 1685 705 1728 eeu
716 1684 843 1728 numen
855 1679 972 1730 amant
984 1689 992 1731 ε
1004 1661 1059 1732 dic
1071 1664 1164 1738 ocius
1178 1667 1325 1750 (auteur

416 1865 476 1935 495.
489 1866 519 1918 P.
531 1883 554 1916 e.
562 1865 618 1936 p.j
630 1873 648 1916 t.
656 1865 718 1916 datu
730 1865 806 1936 eopia
817 1885 885 1919 mor·
928 1869 1060 1922 secundus.
1075 1870 1141 1940 Ajsx
1150 1865 1219 1921 Oilei
1228 1867 1310 1932 filins,
1323 1868 1368 1937 qui
1379 1869 1429 1918 mi-

381 1946 420 2000 u's.
435 1948 492 1997 Pus.
504 1944 564 1996 duta
574 1943 662 2016 pluria
674 1947 882 2016 mortis—lleq.
928 1964 979 2002 nor
993 1953 1073 2020 Ajacs
1090 1950 1246 2004 Telsurunio
1266 1949 1317 1999 fnit
1331 1947 1429 2001 viribus

381 2023 881 2098 llprebethauclect.lleg.Cnosn·am.
928 2047 959 2080 ae
972 2029 1068 2082 rubore
1083 2033 1219 2102 corporis,
1234 2029 1355 2079 ucetiam
1367 2041 1429 2078 ela-

378 2109 425 2160 En.
435 2137 471 2146 —
485 2107 582 2158 Primoe
594 2107 692 2159 mortis.
703 2105 783 2174 Quud
795 2109 830 2158 ita
843 2109 883 2158 fn·
928 2106 1427 2176 te,oriunduseratelioerideregione:

379 2202 435 2240 tnui
443 2226 450 2252 ,
459 2187 640 2258 quodpn‘nrus
648 2189 779 2256 ingressus
787 2199 882 2238 contra
926 2205 986 2240 euin
996 2187 1168 2260 quadraginta
1178 2188 1287 2240 navibus
1297 2189 1323 2237 ln
1332 2185 1429 2240 bellurn

378 2269 485 2337 Trojum
497 2269 583 2338 primo
595 2282 749 2319 moreretur.
762 2270 867 2320 Msrnn.
926 2271 1007 2320 venit.
1018 2270 1108 2320 Fuisse
1123 2267 1194 2319 hunc
1206 2269 1276 2318 mire
1287 2267 1427 2338 perniciss-

413 2349 474 2417 496.
497 2347 648 2418 Tripodum.
667 2347 733 2399 Vide
748 2366 804 2420 quae
815 2335 883 2400 disi-
926 2349 975 2411 tis,
985 2359 1011 2398 et
1023 2347 1156 2400 vibranda
1165 2345 1322 2417 utentlteque
1332 2345 1428 2397 laueeae

377 2443 436 2478 rrius
448 2425 481 2477 ad
490 2424 574 2476 Theb.
591 2426 614 2489 l,
626 2426 686 2494 509.
925 2428 994 2478 inter
1015 2446 1107 2481 ornnes
1125 2429 1231 2480 Graecos
1255 2426 1329 2478 facile
1351 2427 1427 2477 fuisse

413 2506 473 2577 497.
485 2506 674 2558 Thestorideo
688 2504 724 2556 lili
734 2505 880 2560 Thestoris.
924 2509 1086 2579 principem,
1103 2511 1232 2559 llomerus
1246 2517 1365 2558 testatur.
1379 2504 1427 2554 llic

412 2584 473 2655 498.
488 2585 658 2638 trasimenus
666 2584 770 2656 quando
782 2587 881 2637 Paruu—
925 2600 1018 2656 postea
1031 2605 1112 2660 quum
1122 2585 1277 2639 Cassandrus
1294 2587 1345 2636 vim
1360 2585 1426 2634 intu-

377 2685 436 2720 rum
449 2685 545 2719 areana
557 2664 684 2718 recludes?
695 2667 755 2734 fleg.
765 2664 880 2732 Bhnbet‚
925 2663 997 2718 lisset
1013 2670 1041 2720 iu
1059 2666 1159 2738 templo
1174 2666 1310 2730 Miner-ve,
1325 2662 1426 2734 abipsa

376 2746 475 2798 Jurtiur
490 2755 536 2796 aut
548 2745 691 2817 quianam
707 2744 770 2815 lleg.
782 2746 816 2811 C,
829 2747 880 2796 Ju·
924 2747 951 2798 ln
964 2749 1030 2798 mari
1042 2746 1151 2799 fulmine
1165 2747 1213 2797 fuit
1227 2754 1377 2816 percussus.
1386 2744 1426 2794 De

372 2826 434 2877 stius
444 2837 489 2878 aul
502 2842 633 2897 quoenum.
648 2825 696 2876 Eu.
924 2843 957 2877 eo
976 2827 1115 2898 Virgilius,
1133 2827 1190 2878 AEn.
1203 2826 1227 2890 l,
1243 2823 1273 2890 dr
1291 2845 1298 2874 :
1322 2823 1425 2875 aUnins

410 2906 471 2974 499.
486 2905 586 2970 Cernis,
607 2915 637 2954 ut
654 2904 772 2976 iqnotum
791 2903 881 2956 cuncti
924 2905 959 2957 ob
974 2924 1083 2971 noxam,
1097 2919 1122 2959 et
1134 2908 1214 2957 furias
1224 2905 1311 2974 Ajaeis
1322 2901 1396 2955 Oilei.
1410 2925 1423 2950 ι

373 2995 542 3058 stupeantque
558 2994 706 3057 petuntque.
724 2985 786 3036 Eae.
800 2986 877 3056 Burg.
958 2986 1019 3040 502.
1029 2987 1065 3041 N.
1075 3007 1126 3059 q.r.
1135 2987 1173 3036 Μ.
1183 2985 1338 3056 abreptaque
1349 2983 1426 3052 Treja

372 3079 399 3118 et
412 3067 468 3116 Put.
479 3075 649 3136 stupeantque
658 3076 879 3135 premantque—
920 3065 1075 3138 probabunt.
1101 3066 1179 3136 ija
1200 3064 1319 3135 probabit
1338 3064 1423 3112 Pelas.

372 3147 437 3215 lleq.
451 3144 562 3197 Chibet
576 3144 645 3196 hanc
655 3142 715 3195 lert.
728 3144 791 3214 lleg.
804 3145 836 3209 B,
848 3144 877 3195 0.
921 3171 956 3186 --
970 3147 1033 3216 lleq.
1047 3147 1067 3196 B
1080 3144 1176 3210 hahet,
1191 3155 1216 3194 et
1228 3143 1306 3214 ijs
1318 3140 1423 3213 abrepta

374 3243 401 3278 u.
414 3226 530 3298 iqneturn
539 3227 877 3297 eunetisstupeantquepre·
919 3227 1081 3296 pmhuhunt5
1103 3227 1166 3295 llefl.
1187 3225 1208 3275 C
1226 3221 1344 3274 eamdem
1363 3221 1421 3273 leet.

372 3317 505 3379 meatque.
517 3307 564 3356 En.
922 3303 967 3355 Eu.
979 3331 1016 3344 -—
1025 3307 1080 3356 Nos
1088 3321 1200 3377 quoque.
1211 3299 1326 3372 supple,
1337 3299 1423 3352 sorde·

408 3385 467 3436 500.
479 3383 623 3436 AEaciden?
638 3383 721 3434 sordet
733 3380 811 3455 vulpe
826 3385 875 3436 Cu·
920 3383 1088 3436 nius—Sed
1094 3381 1422 3453 MauorsubreptaqueTre-

371 3460 493 3534 lydonius
507 3463 586 3516 heros.
604 3462 666 3530 Rea.
680 3461 804 3528 Bhabet,
818 3481 874 3516 sor-
913 3465 946 3534 ju
960 3461 1115 3534 probabunt.
1130 3463 1174 3514 Me
1190 3480 1244 3513 non
1258 3479 1315 3512 esse
1327 3459 1421 3511 Achilli

370 3543 448 3602 dent,·
458 3543 522 3612 Reg.
536 3545 557 3594 C
574 3555 688 3594 nostram
702 3540 761 3593 lect.
777 3543 824 3594 En.
838 3571 875 3584 -··
918 3541 1250 3610 inferiorern-Abreptus,
1262 3549 1418 3610 expugnata.

368 3623 468 3674 Sordes.
479 3621 559 3673 Nullo
569 3619 762 3692 propemodum
775 3621 801 3670 iu
814 3639 875 3692 pre-
955 3620 1014 3688 504.
1032 3620 1088 3671 Aut
1100 3638 1148 3672 eur
1163 3629 1228 3670 serta
1247 3619 1334 3668 courir.
1354 3618 1420 3667 lllarn

369 3703 406 3753 tio
419 3713 458 3754 est
472 3703 498 3752 in
511 3702 737 3771 comparationem
754 3699 872 3753 Achillis.
918 3701 985 3751 tatis
995 3714 1075 3771 eaput
1085 3699 1159 3750 lauro
1174 3699 1344 3769 praecinctum
1356 3708 1418 3746 erat

367 3781 404 3820 -’·
412 3781 493 3833 Heme
503 3778 667 3850 Calydonius.
680 3777 708 3829 td
719 3791 758 3830 est
768 3780 874 3831 Diome·
918 3779 963 3830 Est
973 3782 1042 3832 euim
1055 3778 1143 3831 laurus
1155 3778 1271 3850 Apollini
1284 3793 1419 3829 eonsecra-

369 3861 416 3916 des
430 3859 513 3935 Tydei
524 3861 608 3925 filius,
624 3879 638 3912 a
653 3859 802 3932 Calydone,
814 3863 873 3912 civi·
918 3869 952 3908 ιι.
966 3859 1064 3910 Sensus
1076 3871 1115 3910 est
1124 3860 1203 3930 igitur
1214 3879 1220 3910 ε
1230 3857 1283 3909 Cur
1294 3875 1356 3926 ergo
1366 3873 1420 3906 orn·

368 3957 423 3997 tnte
434 3944 548 4010 AEtoline,
557 3942 602 3995 ubi
613 3943 743 4010 regnavit,
752 3940 872 3994 denomi-
917 3939 960 3989 nia
971 3953 1058 3991 vatum
1069 3951 1222 3990 ornamenta
1232 3941 1314 4009 geris,
1324 3939 1345 3988 si
1356 3955 1419 4006 pras-

366 4027 505 4096 nstns,qui
515 4041 636 4074 unacum
644 4021 770 4074 Sthenelo
779 4020 812 4072 ad
820 4021 873 4072 bel·
916 4015 1004 4070 dicere
1017 4035 1070 4068 non
1084 4021 1121 4070 vis
1136 4035 1192 4089 quse
1204 4018 1359 4089 querimus?
1372 4033 1419 4086 per

367 4100 421 4153 lum
436 4103 509 4153 venit
523 4119 583 4152 cnm
597 4098 707 4150 nauibus
725 4101 869 4170 octoginta.
915 4098 1094 4168 parenthesim
1118 4099 1188 4149 enim
1215 4095 1346 4168 leguntur.
1372 4093 1418 4146 Est

404 4181 463 4233 501.
484 4183 585 4255 Mapno
596 4180 699 4253 penitus
718 4177 869 4233 Telamone.
916 4179 985 4228 enirn
998 4177 1064 4228 ordo
1084 4199 1090 4228 ι
1109 4178 1157 4228 Die
1170 4177 1244 4228 ocius
1257 4175 1351 4248 quibus
1366 4176 1418 4226 orn

367 4259 433 4326 Ajsx
444 4259 513 4312 filius
530 4257 690 4312 Telamonis.
704 4285 739 4297 -
750 4258 871 4330 Aiaxque
916 4257 1022 4310 abditus
1036 4260 1083 4324 sit,
1095 4258 1122 4309 id
1134 4272 1186 4326 ert,
1199 4255 1380 4310 absconditus.
