3196 5158
541 511 681 575 LIBER
706 511 786 573 vlt.
817 513 822 528 '
1141 509 1183 594 45
1219 537 1225 552 ·

184 639 261 702 Non
273 658 335 728 ego
346 631 568 718 Abantiadas,
581 657 652 700 non
664 649 712 716 te,
725 655 845 701 saxosa
855 637 1006 727 Caryste,
1134 647 1187 716 370

186 749 261 812 Non
272 743 418 813 humiles
432 750 543 838 AEgas,
556 743 731 838 altumque
741 744 912 837 Capherea
924 743 1004 812 dixi.

187 858 228 920 Et
235 851 306 947 jam
318 857 407 924 ecies
420 854 540 922 obtusa
552 868 671 945 negat,
684 855 864 948 cunctique
875 855 1052 921 resistunt:

189 969 229 1033 Et
239 983 318 1034 tuus
330 969 468 1034 armatis
477 963 574 1058 jubet
584 987 660 1033 ecce
673 964 805 1033 silentia
818 965 930 1033 freter.
945 997 958 1025 ι

233 1079 297 1144 Vix
308 1101 347 1144 ea
360 1091 453 1143 turre
465 1099 587 1158 senex,
600 1099 708 1170 quum
720 1074 840 1143 ductor
851 1075 893 1142 ab
904 1100 1024 1168 aggere
1035 1079 1149 1171 coepit:

193 1189 426 1278 «Magnanimi
437 1209 550 1278 reges,
563 1185 684 1280 quibus
697 1181 789 1252 haud
801 1209 919 1278 perere
930 1209 1082 1254 recusem
1133 1199 1185 1270 ³7⁵

189 1301 330 1379 Ductor,
344 1300 461 1392 etipse
473 1321 567 1365 meas
580 1296 676 1364 miles
688 1295 870 1364 defendere
881 1295 1030 1379 Thebas,

190 1411 263 1475 Non
276 1433 337 1501 ego
350 1433 409 1477 vos
422 1406 595 1476 stimulare
606 1431 740 1498 parem,
753 1413 849 1494 (nam
858 1405 943 1474 liber
954 1410 988 1474 in
1000 1431 1095 1476 erma

191 1524 355 1615 Impetus,
369 1537 403 1589 et
414 1523 549 1588 meritus
563 1519 652 1587 ultro
661 1516 798 1611 jurastis
809 1522 845 1586 in
857 1523 957 1605 iras,)

179 1757 342 1826 370.Sa.tose
349 1760 460 1830 Caryste.
470 1759 587 1832 Caryste,
598 1776 645 1810 seo
690 1757 796 1812 tercbus
816 1760 843 1810 in
864 1759 991 1829 Pompeio
1010 1779 1016 1810 :
1039 1765 1143 1821 Βιμσσις
1162 1756 1187 1811 dl

146 1836 281 1909 Carystos,
301 1839 365 1892 urbs
385 1839 508 1906 nubere,
528 1841 556 1890 in
576 1857 644 1910 qua,
690 1836 731 1889 σὺιι
745 1836 820 1904 ὅστις,
836 1837 888 1890 tile
903 1837 945 1895 τοῦ
963 1834 1128 1906 apertissimi
1145 1854 1187 1901 pt·

145 1916 228 1988 inquit
246 1917 357 1982 Strabo,
376 1916 645 1989 erano-Carystiarum
690 1904 769 1970 σῖσθσι
787 1915 937 1983 φθάσωσι,
953 1913 965 1966 i
980 1915 1086 1968 ποιοῦσιν
1102 1912 1186 1975 αὐτοὶ,

146 1995 327 2047 columnarum
345 1997 456 2061 incisio,
475 2008 501 2046 et
519 1992 645 2066 templum
688 1996 727 2052 eie
741 1997 782 2062 pie
798 1994 896 2062 ιἰσισμὶι
911 1994 1006 2058 ‚leidae
1017 1995 1187 2060 λσμβιιιισις,

146 2071 274 2144 Apollinis
288 2093 477 2126 mamercum:
493 2071 589 2124 dicitur
604 2091 646 2124 sa·
689 2073 728 2126 rud
745 2066 897 2128 ιιινιιιλλιῖλιιι
915 2075 1068 2135 meumes,
1084 2095 1107 2126 ιι.
1123 2095 1146 2126 rr.
1164 2089 1186 2124 Α.

145 2169 204 2204 xasa
225 2166 336 2224 propter
352 2169 491 2205 marmora.
507 2151 645 2216 lucanos,
689 2155 843 2206 Ammianus
858 2155 906 2220 23,
923 2154 1004 2223 nlpse
1022 2171 1116 2224 aggere
1134 2151 1188 2224 gle-

146 2231 233 2284 Pbars.
247 2233 279 2300 V,
291 2232 359 2287 332:
375 2233 456 2300 era
470 2232 548 2284 maris
562 2248 645 2302 angu-
689 2231 1188 2304 beliadsistens,coronaquecelsarum

147 2324 196 2364 stat
207 2313 297 2365 fauces
310 2329 402 2364 saxosa
414 2313 545 2383 Carystos.
557 2331 568 2356 ι
689 2311 866 2365 circumdatus
878 2323 1055 2383 potestatum,
1070 2309 1132 2362 talis
1144 2328 1190 2361 ore

179 2391 242 2462 371.
262 2392 325 2446 Non
342 2393 369 2444 li.
383 2391 465 2460 Agat,
479 2389 526 2442 nlt.
544 2388 646 2460 Capita·
690 2410 783 2444 sereno
797 2391 950 2444 disseruit·
966 2391 1070 2458 Noster,
1085 2389 1146 2442 silv.
1156 2389 1189 2454 V,

147 2487 189 2520 reo
201 2469 267 2521 dixi.
278 2470 360 2542 Epioe
371 2489 439 2522 onus
449 2466 542 2521 Rebot.
553 2467 648 2539 ,ἕσσαι
692 2489 721 2538 a,
735 2470 797 2538 ¹¹ll²
814 2472 884 2522 «Hie
896 2483 985 2522 suetus
998 2469 1062 2522 dare
1070 2468 1129 2537 jura
1141 2487 1189 2538 pa·

146 2567 236 2622 margo
250 2549 293 2602 ed.
308 2549 395 2602 barth.
410 2548 541 2622 Capherea
554 2545 645 2598 Behot.
690 2565 764 2614 rem,
780 2547 831 2600 boc
846 2550 944 2619 cespite
961 2562 1059 2601 tunnas
1073 2549 1186 2600 affari..

149 2645 171 2679 ι.
192 2657 227 2666 -
245 2629 335 2701 AEqas.
356 2630 426 2700 Ege
447 2626 575 2699 oppidum
593 2627 647 2677 Eu·
691 2626 812 2680 Sidonius
832 2631 895 2680 Pan.
912 2629 1000 2681 Soceri
1020 2629 1070 2699 577
1090 2641 1115 2680 et
1134 2647 1189 2698 seq.

146 2706 210 2759 boen
225 2706 324 2759 insulae.
337 2735 373 2748 —-
388 2707 529 2780 Altumque
546 2703 647 2776 Capha-
694 2707 882 2760 “Concurrunt
900 2725 1042 2779 proceres,
1060 2725 1092 2758 ac
1109 2707 1191 2760 milite

146 2805 197 2838 rea.
208 2786 363 2857 Caphereus
374 2786 587 2858 promontorium
599 2787 648 2836 Eu·
693 2788 851 2840 circumfuso
865 2789 967 2857 Aggere
980 2789 1126 2856 composito
1140 2800 1190 2839 ste-

146 2865 210 2918 boeae
224 2867 330 2932 insule,
345 2867 483 2936 naufragio
495 2867 647 2918 Graecorum
692 2879 784 2933 tnunt,
796 2885 826 2918 ac
834 2879 927 2936 torque
934 2879 1065 2918 coronant
1072 2865 1191 2918 Castren-

146 2945 181 2996 ab
203 2945 319 2998 exscidio
341 2946 457 3014 Trojano
482 2942 648 2995 redeuntium
693 2944 1191 3015 simonium,donantqueinsigniere-

146 3021 261 3075 celebre.
692 3027 746 3094 gni.
757 3048 769 3070 ι
784 3023 906 3075 Lucanos
923 3021 955 3074 de
972 3023 1071 3074 Caesare
1085 3026 1192 3075 concio·

182 3101 251 3172 37²*
262 3105 358 3176 Nepet.
376 3101 404 3154 id
417 3116 469 3166 est,
485 3099 589 3167 deficit,
602 3119 648 3152 seu
693 3112 772 3152 nante
785 3098 872 3151 Pham.
883 3102 914 3165 V,
926 3100 979 3151 316
991 3112 1017 3150 et
1027 3117 1081 3172 seq.
1097 3101 1192 3154 «Stetit

146 3184 190 3234 vis
209 3195 298 3253 potest
317 3199 432 3234 eernere.
451 3181 493 3234 sie
511 3178 595 3232 Theb.
609 3180 648 3245 ΙΙ,
694 3197 787 3250 aggere
803 3177 884 3232 fultus
902 3179 1028 3250 cespitis,
1046 3178 1191 3251 intrepidus

147 3261 235 3315 66821
243 3281 299 3334 seq.
315 3273 474 3314 «esttamen
485 3257 650 3312 illiMembrs
694 3256 781 3322 voltu,
796 3258 941 3328 meruitque
959 3257 1044 3308 timeri
1061 3257 1122 3308 Non
1138 3276 1193 3310 me·

148 3353 275 3414 negant·
293 3369 320 3380 -
339 3340 474 3393 desistunt.
486 3337 518 3390 ld
533 3351 588 3406 est,
602 3355 650 3390 suo
695 3351 780 3389 tuens.
791 3360 803 3384 ι
820 3336 932 3389 Mosbic
946 3355 1000 3388 non
1011 3335 1191 3408 priscasolom

146 3419 424 3490 nnmaroimpedinnt,
431 3419 651 3490 quominusipsos
695 3415 856 3486 Republica,
870 3417 916 3469 sed
928 3429 954 3470 et
965 3429 1084 3488 tempore
1095 3417 1192 3468 Princi-

149 3501 252 3572 possim
265 3499 335 3552 bene
348 3499 515 3569 distinguere.
529 3499 652 3568 Peyrare·
696 3515 759 3568 pum
781 3509 906 3549 retentus.
927 3497 1033 3548 Tacitus
1051 3494 1145 3548 Annal.
1165 3497 1192 3561 Ι,

150 3579 200 3632 dos
215 3578 330 3650 explicat
340 3577 454 3644 Gallice,
461 3575 527 3648 font
538 3573 617 3626 bulte.
697 3593 756 3647 cap.
769 3575 817 3636 183
834 3574 933 3628 «simul
948 3587 1095 3644 congerunt
1106 3576 1193 3645 cespi-

184 3655 247 3726 374.
269 3657 355 3726 Quum
365 3654 497 3706 ductorab
508 3669 653 3726 apperecoe·
697 3666 753 3718 ten,
774 3666 912 3708 exstruunt
932 3654 1056 3706 tribunal.
1067 3678 1078 3700 ι
1096 3653 1194 3706 Plinius

149 3735 198 3804 pit.
210 3734 277 3786 Dan.
289 3735 377 3786 Petav.
385 3733 468 3803 Lang.
481 3729 616 3796 nonnulli,
627 3741 653 3782 et
697 3732 854 3803 Panegyrico
864 3732 984 3801 Trojaui‚
994 3749 1052 3802 cap.
1062 3731 1110 3784 56:
1124 3731 1195 3782 «De-

152 3813 214 3866 edd.
229 3826 292 3867 vett.
314 3831 373 3866 cum
390 3823 485 3874 recten
502 3809 606 3863 Rebntt.
630 3826 652 3876 1,
697 3828 759 3862 cora
778 3810 859 3861 facies
877 3809 1014 3862 Consulis:
1034 3808 1116 3860 molta
1135 3821 1196 3880 post

153 3911 186 3958 a,
200 3892 318 3944 Gronov.
333 3889 421 3942 Barth.
439 3903 464 3942 et
483 3887 577 3960 Delpb.
595 3905 653 3940 cum
699 3888 792 3942 saecule
809 3889 927 3941 tribunal
944 3888 1020 3941 viridi
1036 3890 1134 3960 cespite
1150 3907 1195 3940 ex-

152 3965 654 4032 ductor.-Ductor.Eteocles.-Ab
700 3981 846 4032 structum,
870 3987 920 4020 neo
943 3967 1053 4021 fascium
1074 3982 1195 4032 tantum,

152 4049 336 4123 aqqerewpit.
347 4047 388 4101 Ad
397 4066 498 4100 morem
507 4047 655 4100 Ilomnntuu
699 4046 745 4101 sed
759 4047 873 4119 pilorum
892 4048 1079 4118 signorumque
1095 4044 1195 4096 bonore

150 4134 281 4204 respexit,
294 4147 348 4201 quo
362 4127 475 4181 tribunal
489 4127 655 4200 Imperatoris
699 4123 922 4179 circumdatum.»
942 4125 1067 4176 aninr.

152 4206 657 4283 semperiocestritoespiticium.Plu·
698 4251 700 4256 t
736 4207 786 4277 378
809 4205 891 4260 Ultro.
905 4206 966 4258 Non
980 4205 1074 4258 eoacti.
1092 4231 1127 4242 -
1144 4201 1195 4253 Ju-
