<?xml version="1.0" encoding="UTF-8"?>
<!DOCTYPE html PUBLIC "-//W3C//DTD XHTML 1.0 Transitional//EN"
    "http://www.w3.org/TR/xhtml1/DTD/xhtml1-transitional.dtd">
<html xmlns="http://www.w3.org/1999/xhtml" xml:lang="en" lang="en">
 <head>
  <title>
</title>
<meta http-equiv="Content-Type" content="text/html;charset=utf-8" />
  <meta name='ocr-system' content='tesseract 3.04.00' />
  <meta name='ocr-capabilities' content='ocr_page ocr_carea ocr_par ocr_line ocrx_word'/>
</head>
<body>
  <div class='ocr_page' id='page_1' title='image "./libriquinquesil00statgoog_0110.png"; bbox 0 0 3230 5168; ppageno 0'>
   <div class='ocr_carea' id='block_1_1' title="bbox 541 525 809 591">
    <p class='ocr_par' dir='ltr' id='par_1_1' title="bbox 541 525 809 591">
     <span class='ocr_line' id='line_1_1' title="bbox 541 525 809 591; baseline -0.019 0"><span class='ocrx_word' id='word_1_1' title='bbox 541 527 684 591; x_wconf 81' lang='lat' dir='ltr'>LIBER</span> <span class='ocrx_word' id='word_1_2' title='bbox 707 525 809 588; x_wconf 78' lang='lat' dir='ltr'>V&#39;lll.</span> 
     </span>
    </p>
   </div>
   <div class='ocr_carea' id='block_1_2' title="bbox 199 647 1200 1074">
    <p class='ocr_par' dir='ltr' id='par_1_2' title="bbox 199 647 983 746">
     <span class='ocr_line' id='line_1_2' title="bbox 199 647 983 746; baseline -0.014 -24"><span class='ocrx_word' id='word_1_3' title='bbox 199 660 295 722; x_wconf 76' lang='lat' dir='ltr'>hune</span> <span class='ocrx_word' id='word_1_4' title='bbox 307 651 521 746; x_wconf 77' lang='lat' dir='ltr'>profanatum</span> <span class='ocrx_word' id='word_1_5' title='bbox 532 653 631 718; x_wconf 89' lang='lat' dir='ltr'>toties</span> <span class='ocrx_word' id='word_1_6' title='bbox 643 649 750 718; x_wconf 84' lang='lat' dir='ltr'>Chaos</span> <span class='ocrx_word' id='word_1_7' title='bbox 762 647 895 739; x_wconf 85' lang='lat' dir='ltr'><strong>hospite</strong></span> <span class='ocrx_word' id='word_1_8' title='bbox 908 648 983 712; x_wconf 87' lang='lat' dir='ltr'>vivo</span> 
     </span>
    </p>

    <p class='ocr_par' dir='ltr' id='par_1_3' title="bbox 202 756 930 857">
     <span class='ocr_line' id='line_1_3' title="bbox 202 756 930 857; baseline -0.008 -28"><span class='ocrx_word' id='word_1_9' title='bbox 202 764 394 857; x_wconf 80' lang='lat' dir='ltr'>Perpetiar?</span> <span class='ocrx_word' id='word_1_10' title='bbox 404 786 459 830; x_wconf 92' lang='lat' dir='ltr'>me</span> <span class='ocrx_word' id='word_1_11' title='bbox 471 759 610 830; x_wconf 85' lang='lat' dir='ltr'>Pirithoi</span> <span class='ocrx_word' id='word_1_12' title='bbox 620 761 817 828; x_wconf 90' lang='lat' dir='ltr'>temerarius</span> <span class='ocrx_word' id='word_1_13' title='bbox 829 756 930 824; x_wconf 87' lang='lat' dir='ltr'>ardor</span> 
     </span>
    </p>

    <p class='ocr_par' dir='ltr' id='par_1_4' title="bbox 202 866 959 962">
     <span class='ocr_line' id='line_1_4' title="bbox 202 866 959 962; baseline -0.013 -22"><span class='ocrx_word' id='word_1_14' title='bbox 202 879 341 954; x_wconf 82' lang='lat' dir='ltr'><strong>Tentat,</strong></span> <span class='ocrx_word' id='word_1_15' title='bbox 355 886 387 940; x_wconf 90' lang='lat' dir='ltr'>et</span> <span class='ocrx_word' id='word_1_16' title='bbox 399 870 680 942; x_wconf 85' lang='lat' dir='ltr'>audaciTheseus</span> <span class='ocrx_word' id='word_1_17' title='bbox 689 866 822 962; x_wconf 88' lang='lat' dir='ltr'>juratus</span> <span class='ocrx_word' id='word_1_18' title='bbox 834 869 959 935; x_wconf 89' lang='lat' dir='ltr'>amico:</span> 
     </span>
    </p>

    <p class='ocr_par' dir='ltr' id='par_1_5' title="bbox 204 976 1200 1074">
     <span class='ocr_line' id='line_1_5' title="bbox 204 976 1200 1074; baseline -0.013 -26"><span class='ocrx_word' id='word_1_19' title='bbox 204 986 261 1048; x_wconf 86' lang='lat' dir='ltr'>Me</span> <span class='ocrx_word' id='word_1_20' title='bbox 272 981 363 1048; x_wconf 87' lang='lat' dir='ltr'>ferus</span> <span class='ocrx_word' id='word_1_21' title='bbox 376 980 523 1063; x_wconf 79' lang='lat' dir='ltr'><strong>Alcides,</strong></span> <span class='ocrx_word' id='word_1_22' title='bbox 536 995 618 1048; x_wconf 90' lang='lat' dir='ltr'>tunc</span> <span class='ocrx_word' id='word_1_23' title='bbox 629 977 736 1074; x_wconf 88' lang='lat' dir='ltr'>quum</span> <span class='ocrx_word' id='word_1_24' title='bbox 749 976 888 1047; x_wconf 91' lang='lat' dir='ltr'>custode</span> <span class='ocrx_word' id='word_1_25' title='bbox 899 991 1028 1042; x_wconf 90' lang='lat' dir='ltr'>remoto</span> <span class='ocrx_word' id='word_1_26' title='bbox 1167 983 1200 1036; x_wconf 87' lang='lat'>55</span> 
     </span>
    </p>
   </div>
   <div class='ocr_carea' id='block_1_3' title="bbox 205 1087 1111 1516">
    <p class='ocr_par' dir='ltr' id='par_1_6' title="bbox 205 1087 1111 1516">
     <span class='ocr_line' id='line_1_6' title="bbox 205 1087 951 1182; baseline -0.008 -22"><span class='ocrx_word' id='word_1_27' title='bbox 205 1097 326 1162; x_wconf 87' lang='lat' dir='ltr'>Ferrea</span> <span class='ocrx_word' id='word_1_28' title='bbox 335 1093 508 1162; x_wconf 78' lang='lat' dir='ltr'>Cerbereae</span> <span class='ocrx_word' id='word_1_29' title='bbox 519 1107 697 1160; x_wconf 84' lang='lat' dir='ltr'>tacuerrmt</span> <span class='ocrx_word' id='word_1_30' title='bbox 706 1087 823 1161; x_wconf 90' lang='lat' dir='ltr'>limina</span> <span class='ocrx_word' id='word_1_31' title='bbox 834 1105 951 1182; x_wconf 86' lang='lat' dir='ltr'>portae.</span> 
     </span>
     <span class='ocr_line' id='line_1_7' title="bbox 207 1197 1002 1296; baseline -0.008 -27"><span class='ocrx_word' id='word_1_32' title='bbox 207 1201 360 1296; x_wconf 75' lang='lat' dir='ltr'>Odrysiis</span> <span class='ocrx_word' id='word_1_33' title='bbox 372 1204 473 1270; x_wconf 90' lang='lat' dir='ltr'>etiam</span> <span class='ocrx_word' id='word_1_34' title='bbox 484 1201 589 1295; x_wconf 88' lang='lat' dir='ltr'>pudet</span> <span class='ocrx_word' id='word_1_35' title='bbox 601 1200 683 1271; x_wconf 84' lang='lat' dir='ltr'>heu!</span> <span class='ocrx_word' id='word_1_36' title='bbox 697 1202 846 1294; x_wconf 86' lang='lat' dir='ltr'>patuisse</span> <span class='ocrx_word' id='word_1_37' title='bbox 857 1197 1002 1294; x_wconf 87' lang='lat' dir='ltr'>querelis</span> 
     </span>
     <span class='ocr_line' id='line_1_8' title="bbox 207 1311 1111 1406; baseline -0.009 -26"><span class='ocrx_word' id='word_1_38' title='bbox 207 1319 367 1380; x_wconf 80' lang='lat' dir='ltr'>Tartara:</span> <span class='ocrx_word' id='word_1_39' title='bbox 380 1311 595 1406; x_wconf 76' lang='lat' dir='ltr'>vidiegomet·</span> <span class='ocrx_word' id='word_1_40' title='bbox 603 1311 725 1381; x_wconf 88' lang='lat' dir='ltr'>blanda</span> <span class='ocrx_word' id='word_1_41' title='bbox 736 1313 824 1380; x_wconf 91' lang='lat' dir='ltr'>inter</span> <span class='ocrx_word' id='word_1_42' title='bbox 835 1312 982 1378; x_wconf 88' lang='lat' dir='ltr'>carmina</span> <span class='ocrx_word' id='word_1_43' title='bbox 995 1325 1111 1400; x_wconf 83' lang='lat' dir='ltr'>turpes</span> 
     </span>
     <span class='ocr_line' id='line_1_9' title="bbox 209 1422 1109 1516; baseline -0.009 -26"><span class='ocrx_word' id='word_1_44' title='bbox 209 1422 434 1490; x_wconf 87' lang='lat' dir='ltr'>Eumenidum</span> <span class='ocrx_word' id='word_1_45' title='bbox 444 1422 617 1508; x_wconf 82' lang='lat' dir='ltr'>lacrimas,</span> <span class='ocrx_word' id='word_1_46' title='bbox 632 1427 816 1516; x_wconf 80' lang='lat' dir='ltr'>iterataque</span> <span class='ocrx_word' id='word_1_47' title='bbox 828 1443 933 1515; x_wconf 90' lang='lat' dir='ltr'>pensa</span> <span class='ocrx_word' id='word_1_48' title='bbox 944 1441 1109 1488; x_wconf 89' lang='lat' dir='ltr'>sororum.</span> 
     </span>
    </p>
   </div>
   <div class='ocr_carea' id='block_1_4' title="bbox 165 1599 1229 4302">
    <p class='ocr_par' dir='ltr' id='par_1_7' title="bbox 165 1599 1229 4302">
     <span class='ocr_line' id='line_1_10' title="bbox 165 1599 1209 1682; baseline -0.011 -19"><span class='ocrx_word' id='word_1_49' title='bbox 165 1610 264 1663; x_wconf 82' lang='lat' dir='ltr'>Confer</span> <span class='ocrx_word' id='word_1_50' title='bbox 273 1609 403 1664; x_wconf 84' lang='lat' dir='ltr'>Thebaid.</span> <span class='ocrx_word' id='word_1_51' title='bbox 416 1613 443 1678; x_wconf 92' lang='lat' dir='ltr'>l,</span> <span class='ocrx_word' id='word_1_52' title='bbox 460 1629 511 1682; x_wconf 88' lang='lat'>7¹⁰</span> <span class='ocrx_word' id='word_1_53' title='bbox 526 1625 552 1664; x_wconf 88' lang='lat' dir='ltr'>et</span> <span class='ocrx_word' id='word_1_54' title='bbox 564 1610 602 1664; x_wconf 91' lang='lat' dir='ltr'>ibi</span> <span class='ocrx_word' id='word_1_55' title='bbox 615 1631 663 1663; x_wconf 88' lang='lat' dir='ltr'>no·</span> <span class='ocrx_word' id='word_1_56' title='bbox 745 1609 787 1664; x_wconf 83' lang='lat'>55.</span> <span class='ocrx_word' id='word_1_57' title='bbox 806 1609 917 1662; x_wconf 81' lang='lat' dir='ltr'>Alcides.</span> <span class='ocrx_word' id='word_1_58' title='bbox 932 1605 1056 1658; x_wconf 83' lang='lat' dir='ltr'>llercules</span> <span class='ocrx_word' id='word_1_59' title='bbox 1068 1603 1154 1655; x_wconf 86' lang='lat' dir='ltr'>dictus</span> <span class='ocrx_word' id='word_1_60' title='bbox 1166 1599 1209 1652; x_wconf 81' lang='lat' dir='ltr'>At-</span> 
     </span>
     <span class='ocr_line' id='line_1_11' title="bbox 166 1681 1210 1762; baseline -0.008 -24"><span class='ocrx_word' id='word_1_61' title='bbox 166 1701 234 1754; x_wconf 87' lang='lat' dir='ltr'>tata,</span> <span class='ocrx_word' id='word_1_62' title='bbox 246 1701 309 1742; x_wconf 88' lang='lat' dir='ltr'>torn.</span> <span class='ocrx_word' id='word_1_63' title='bbox 326 1686 484 1761; x_wconf 77' lang='lat' dir='ltr'>praecedent.</span> <span class='ocrx_word' id='word_1_64' title='bbox 498 1709 559 1762; x_wconf 74' lang='lat' dir='ltr'>pag.</span> <span class='ocrx_word' id='word_1_65' title='bbox 576 1690 624 1742; x_wconf 83' lang='lat'>118</span> <span class='ocrx_word' id='word_1_66' title='bbox 638 1702 664 1740; x_wconf 88' lang='lat' dir='ltr'>et</span> <span class='ocrx_word' id='word_1_67' title='bbox 709 1688 789 1754; x_wconf 83' lang='lat' dir='ltr'>eides,</span> <span class='ocrx_word' id='word_1_68' title='bbox 801 1685 835 1740; x_wconf 90' lang='lat' dir='ltr'>ah</span> <span class='ocrx_word' id='word_1_69' title='bbox 847 1705 897 1740; x_wconf 85' lang='lat' dir='ltr'>avo</span> <span class='ocrx_word' id='word_1_70' title='bbox 910 1698 1028 1738; x_wconf 87' lang='lat' dir='ltr'>materno</span> <span class='ocrx_word' id='word_1_71' title='bbox 1040 1683 1130 1735; x_wconf 80' lang='lat' dir='ltr'>Aloeo.</span> <span class='ocrx_word' id='word_1_72' title='bbox 1143 1681 1210 1730; x_wconf 87' lang='lat' dir='ltr'>Tan-</span> 
     </span>
     <span class='ocr_line' id='line_1_12' title="bbox 166 1759 1209 1838; baseline -0.012 -19"><span class='ocrx_word' id='word_1_73' title='bbox 166 1785 221 1838; x_wconf 83' lang='lat' dir='ltr'>seq.</span> <span class='ocrx_word' id='word_1_74' title='bbox 239 1767 286 1818; x_wconf 86' lang='lat' dir='ltr'>Eo.</span> <span class='ocrx_word' id='word_1_75' title='bbox 709 1769 747 1837; x_wconf 71' lang='lat' dir='ltr'>git</span> <span class='ocrx_word' id='word_1_76' title='bbox 759 1765 804 1820; x_wconf 86' lang='lat' dir='ltr'>hic</span> <span class='ocrx_word' id='word_1_77' title='bbox 817 1764 952 1830; x_wconf 81' lang='lat' dir='ltr'>fabulam,</span> <span class='ocrx_word' id='word_1_78' title='bbox 967 1781 1021 1834; x_wconf 87' lang='lat' dir='ltr'>qua</span> <span class='ocrx_word' id='word_1_79' title='bbox 1033 1759 1130 1812; x_wconf 87' lang='lat' dir='ltr'>dicitur</span> <span class='ocrx_word' id='word_1_80' title='bbox 1141 1759 1209 1808; x_wconf 87' lang='lat' dir='ltr'>ller-</span> 
     </span>
     <span class='ocr_line' id='line_1_13' title="bbox 203 1841 1211 1916; baseline -0.009 -21"><span class='ocrx_word' id='word_1_81' title='bbox 203 1842 411 1916; x_wconf 81' lang='lat' dir='ltr'>52.Annepruf.</span> <span class='ocrx_word' id='word_1_82' title='bbox 424 1845 510 1911; x_wconf 83' lang='lat' dir='ltr'>toties,</span> <span class='ocrx_word' id='word_1_83' title='bbox 523 1845 664 1916; x_wconf 75' lang='lat' dir='ltr'>etc-Regg.</span> <span class='ocrx_word' id='word_1_84' title='bbox 710 1846 783 1900; x_wconf 88' lang='lat' dir='ltr'>eules</span> <span class='ocrx_word' id='word_1_85' title='bbox 807 1844 975 1899; x_wconf 80' lang='lat' dir='ltr'>descendisse</span> <span class='ocrx_word' id='word_1_86' title='bbox 998 1845 1024 1893; x_wconf 88' lang='lat' dir='ltr'>in</span> <span class='ocrx_word' id='word_1_87' title='bbox 1045 1841 1163 1902; x_wconf 81' lang='lat' dir='ltr'>lnleros,</span> <span class='ocrx_word' id='word_1_88' title='bbox 1185 1848 1211 1887; x_wconf 92' lang='lat' dir='ltr'>et</span> 
     </span>
     <span class='ocr_line' id='line_1_14' title="bbox 166 1921 1016 1990; baseline -0.001 -15"><span class='ocrx_word' id='word_1_89' title='bbox 166 1925 188 1975; x_wconf 84' lang='lat' dir='ltr'>B</span> <span class='ocrx_word' id='word_1_90' title='bbox 209 1936 234 1972; x_wconf 90' lang='lat' dir='ltr'>et</span> <span class='ocrx_word' id='word_1_91' title='bbox 256 1921 293 1990; x_wconf 89' lang='lat' dir='ltr'>C,</span> <span class='ocrx_word' id='word_1_92' title='bbox 312 1923 405 1976; x_wconf 80' lang='lat' dir='ltr'>totiens</span> <span class='ocrx_word' id='word_1_93' title='bbox 424 1921 555 1976; x_wconf 80' lang='lat' dir='ltr'>exhibent.</span> <span class='ocrx_word' id='word_1_94' title='bbox 570 1924 617 1976; x_wconf 87' lang='lat' dir='ltr'>Eu.</span> <span class='ocrx_word' id='word_1_95' title='bbox 631 1952 666 1962; x_wconf 94' lang='lat'>-</span> <span class='ocrx_word' id='word_1_96' title='bbox 710 1924 851 1978; x_wconf 85' lang='lat' dir='ltr'>abduxisse</span> <span class='ocrx_word' id='word_1_97' title='bbox 865 1921 1016 1976; x_wconf 82' lang='lat' dir='ltr'>Cerberum.</span> 
     </span>
     <span class='ocr_line' id='line_1_15' title="bbox 167 2000 1214 2073; baseline -0.009 -19"><span class='ocrx_word' id='word_1_98' title='bbox 167 2002 275 2072; x_wconf 72' lang='lat' dir='ltr'>Hospite</span> <span class='ocrx_word' id='word_1_99' title='bbox 296 2001 364 2054; x_wconf 82' lang='lat' dir='ltr'>vivo.</span> <span class='ocrx_word' id='word_1_100' title='bbox 385 2002 517 2068; x_wconf 87' lang='lat' dir='ltr'>Hercule,</span> <span class='ocrx_word' id='word_1_101' title='bbox 537 2000 667 2073; x_wconf 89' lang='lat' dir='ltr'>Orpheo,</span> <span class='ocrx_word' id='word_1_102' title='bbox 748 2003 789 2056; x_wconf 85' lang='lat'>56.</span> <span class='ocrx_word' id='word_1_103' title='bbox 819 2003 910 2054; x_wconf 83' lang='lat' dir='ltr'>Ferrea</span> <span class='ocrx_word' id='word_1_104' title='bbox 933 2002 1057 2055; x_wconf 83' lang='lat' dir='ltr'>Cerbereoe</span> <span class='ocrx_word' id='word_1_105' title='bbox 1078 2005 1214 2049; x_wconf 70' lang='lat' dir='ltr'>macerant</span> 
     </span>
     <span class='ocr_line' id='line_1_16' title="bbox 167 2078 1214 2153; baseline -0.006 -23"><span class='ocrx_word' id='word_1_106' title='bbox 167 2079 301 2146; x_wconf 77' lang='lat' dir='ltr'>Pirithoo,</span> <span class='ocrx_word' id='word_1_107' title='bbox 313 2095 339 2132; x_wconf 91' lang='lat' dir='ltr'>et</span> <span class='ocrx_word' id='word_1_108' title='bbox 350 2080 468 2151; x_wconf 86' lang='lat' dir='ltr'>Theseo,</span> <span class='ocrx_word' id='word_1_109' title='bbox 480 2082 526 2153; x_wconf 91' lang='lat' dir='ltr'>qui</span> <span class='ocrx_word' id='word_1_110' title='bbox 536 2082 587 2133; x_wconf 83' lang='lat' dir='ltr'>vivi</span> <span class='ocrx_word' id='word_1_111' title='bbox 597 2081 668 2133; x_wconf 83' lang='lat' dir='ltr'>lule·</span> <span class='ocrx_word' id='word_1_112' title='bbox 712 2080 806 2134; x_wconf 77' lang='lat' dir='ltr'>limina</span> <span class='ocrx_word' id='word_1_113' title='bbox 820 2092 910 2152; x_wconf 84' lang='lat' dir='ltr'>portoe.</span> <span class='ocrx_word' id='word_1_114' title='bbox 931 2078 1056 2130; x_wconf 84' lang='lat' dir='ltr'>Cerbereoe</span> <span class='ocrx_word' id='word_1_115' title='bbox 1070 2085 1214 2148; x_wconf 82' lang='lat' dir='ltr'>patuerunt</span> 
     </span>
     <span class='ocr_line' id='line_1_17' title="bbox 169 2155 1212 2235; baseline -0.005 -26"><span class='ocrx_word' id='word_1_116' title='bbox 169 2177 214 2212; x_wconf 87' lang='lat' dir='ltr'>ros</span> <span class='ocrx_word' id='word_1_117' title='bbox 227 2161 338 2229; x_wconf 76' lang='lat' dir='ltr'>ingressi</span> <span class='ocrx_word' id='word_1_118' title='bbox 350 2175 420 2212; x_wconf 90' lang='lat' dir='ltr'>suut.</span> <span class='ocrx_word' id='word_1_119' title='bbox 712 2165 792 2235; x_wconf 69' lang='lat' dir='ltr'>Lang.</span> <span class='ocrx_word' id='word_1_120' title='bbox 805 2161 905 2214; x_wconf 84' lang='lat' dir='ltr'>Buslid.</span> <span class='ocrx_word' id='word_1_121' title='bbox 923 2162 991 2212; x_wconf 87' lang='lat' dir='ltr'>Dan.</span> <span class='ocrx_word' id='word_1_122' title='bbox 1008 2162 1097 2212; x_wconf 81' lang='lat' dir='ltr'>Peter.</span> <span class='ocrx_word' id='word_1_123' title='bbox 1109 2155 1212 2208; x_wconf 87' lang='lat' dir='ltr'>Behott.</span> 
     </span>
     <span class='ocr_line' id='line_1_18' title="bbox 206 2234 1215 2309; baseline -0.003 -21"><span class='ocrx_word' id='word_1_124' title='bbox 206 2236 248 2290; x_wconf 86' lang='lat'>53.</span> <span class='ocrx_word' id='word_1_125' title='bbox 261 2237 413 2309; x_wconf 75' lang='lat' dir='ltr'>Perpetiar?</span> <span class='ocrx_word' id='word_1_126' title='bbox 419 2256 460 2289; x_wconf 87' lang='lat' dir='ltr'>me</span> <span class='ocrx_word' id='word_1_127' title='bbox 467 2237 589 2290; x_wconf 77' lang='lat' dir='ltr'>Pirithoi.</span> <span class='ocrx_word' id='word_1_128' title='bbox 597 2239 669 2292; x_wconf 87' lang='lat' dir='ltr'>Con·</span> <span class='ocrx_word' id='word_1_129' title='bbox 712 2239 866 2308; x_wconf 78' lang='lat' dir='ltr'>1‚2‚Aldd.</span> <span class='ocrx_word' id='word_1_130' title='bbox 877 2240 961 2294; x_wconf 86' lang='lat' dir='ltr'>Coliu.</span> <span class='ocrx_word' id='word_1_131' title='bbox 971 2237 1151 2306; x_wconf 74' lang='lat' dir='ltr'>Lindenbrog.</span> <span class='ocrx_word' id='word_1_132' title='bbox 1160 2234 1215 2306; x_wconf 87' lang='lat' dir='ltr'>ple·</span> 
     </span>
     <span class='ocr_line' id='line_1_19' title="bbox 171 2315 1213 2392; baseline -0.003 -26"><span class='ocrx_word' id='word_1_133' title='bbox 171 2317 290 2388; x_wconf 87' lang='lat' dir='ltr'>queritur</span> <span class='ocrx_word' id='word_1_134' title='bbox 305 2316 407 2368; x_wconf 80' lang='lat' dir='ltr'>lnferos</span> <span class='ocrx_word' id='word_1_135' title='bbox 422 2315 464 2368; x_wconf 85' lang='lat' dir='ltr'>hie</span> <span class='ocrx_word' id='word_1_136' title='bbox 477 2319 608 2388; x_wconf 83' lang='lat' dir='ltr'>patuisse,</span> <span class='ocrx_word' id='word_1_137' title='bbox 623 2318 670 2387; x_wconf 87' lang='lat' dir='ltr'>qui</span> <span class='ocrx_word' id='word_1_138' title='bbox 713 2321 789 2392; x_wconf 84' lang='lat' dir='ltr'>rique</span> <span class='ocrx_word' id='word_1_139' title='bbox 799 2330 825 2370; x_wconf 88' lang='lat' dir='ltr'>et</span> <span class='ocrx_word' id='word_1_140' title='bbox 834 2317 940 2373; x_wconf 84' lang='lat' dir='ltr'>Gevert.</span> <span class='ocrx_word' id='word_1_141' title='bbox 954 2315 1213 2384; x_wconf 81' lang='lat' dir='ltr'>tacuentntlipsian.</span> 
     </span>
     <span class='ocr_line' id='line_1_20' title="bbox 170 2392 1214 2470; baseline -0.003 -24"><span class='ocrx_word' id='word_1_142' title='bbox 170 2392 276 2446; x_wconf 80' lang='lat' dir='ltr'>infanda</span> <span class='ocrx_word' id='word_1_143' title='bbox 293 2393 454 2465; x_wconf 86' lang='lat' dir='ltr'>cupiebant,</span> <span class='ocrx_word' id='word_1_144' title='bbox 474 2407 503 2445; x_wconf 88' lang='lat' dir='ltr'>ut</span> <span class='ocrx_word' id='word_1_145' title='bbox 524 2393 558 2446; x_wconf 92' lang='lat' dir='ltr'>ad</span> <span class='ocrx_word' id='word_1_146' title='bbox 577 2413 606 2446; x_wconf 92' lang='lat' dir='ltr'>se</span> <span class='ocrx_word' id='word_1_147' title='bbox 624 2406 671 2448; x_wconf 88' lang='lat' dir='ltr'>aut</span> <span class='ocrx_word' id='word_1_148' title='bbox 715 2393 1214 2470; x_wconf 74' lang='lat' dir='ltr'>optimeBarthiimembranae,Amstel.</span> 
     </span>
     <span class='ocr_line' id='line_1_21' title="bbox 172 2473 1216 2546; baseline -0.003 -21"><span class='ocrx_word' id='word_1_149' title='bbox 172 2488 274 2525; x_wconf 86' lang='lat' dir='ltr'>amator</span> <span class='ocrx_word' id='word_1_150' title='bbox 295 2485 341 2524; x_wconf 86' lang='lat' dir='ltr'>eut</span> <span class='ocrx_word' id='word_1_151' title='bbox 361 2487 452 2546; x_wconf 89' lang='lat' dir='ltr'>raptor</span> <span class='ocrx_word' id='word_1_152' title='bbox 471 2475 589 2528; x_wconf 80' lang='lat' dir='ltr'>intraret.</span> <span class='ocrx_word' id='word_1_153' title='bbox 610 2475 671 2526; x_wconf 76' lang='lat' dir='ltr'>llaec</span> <span class='ocrx_word' id='word_1_154' title='bbox 714 2473 1216 2532; x_wconf 76' lang='lat' dir='ltr'>Gronov-Barth.-Ratuemrttlimina</span> 
     </span>
     <span class='ocr_line' id='line_1_22' title="bbox 171 2551 1218 2630; baseline -0.003 -26"><span class='ocrx_word' id='word_1_155' title='bbox 171 2551 278 2606; x_wconf 76' lang='lat' dir='ltr'>Pirithoi</span> <span class='ocrx_word' id='word_1_156' title='bbox 290 2551 384 2606; x_wconf 80' lang='lat' dir='ltr'>fabula</span> <span class='ocrx_word' id='word_1_157' title='bbox 396 2553 456 2608; x_wconf 88' lang='lat' dir='ltr'>talis</span> <span class='ocrx_word' id='word_1_158' title='bbox 470 2567 518 2608; x_wconf 83' lang='lat' dir='ltr'>est.</span> <span class='ocrx_word' id='word_1_159' title='bbox 540 2552 671 2612; x_wconf 76' lang='lat' dir='ltr'>Pirithous</span> <span class='ocrx_word' id='word_1_160' title='bbox 714 2569 807 2630; x_wconf 83' lang='lat' dir='ltr'>portoe.</span> <span class='ocrx_word' id='word_1_161' title='bbox 818 2560 909 2628; x_wconf 72' lang='lat' dir='ltr'>Longe</span> <span class='ocrx_word' id='word_1_162' title='bbox 921 2556 1014 2610; x_wconf 86' lang='lat' dir='ltr'>mehor</span> <span class='ocrx_word' id='word_1_163' title='bbox 1026 2558 1054 2608; x_wconf 88' lang='lat' dir='ltr'>in</span> <span class='ocrx_word' id='word_1_164' title='bbox 1067 2556 1139 2624; x_wconf 90' lang='lat' dir='ltr'>Lips.</span> <span class='ocrx_word' id='word_1_165' title='bbox 1154 2552 1218 2606; x_wconf 89' lang='lat' dir='ltr'>scri·</span> 
     </span>
     <span class='ocr_line' id='line_1_23' title="bbox 174 2634 1206 2710; baseline -0.002 -24"><span class='ocrx_word' id='word_1_166' title='bbox 174 2655 254 2708; x_wconf 87' lang='lat' dir='ltr'>quum</span> <span class='ocrx_word' id='word_1_167' title='bbox 263 2635 448 2710; x_wconf 75' lang='lat' dir='ltr'>Proserpinam</span> <span class='ocrx_word' id='word_1_168' title='bbox 458 2653 550 2705; x_wconf 79' lang='lat' dir='ltr'>rapere</span> <span class='ocrx_word' id='word_1_169' title='bbox 561 2655 609 2692; x_wconf 90' lang='lat' dir='ltr'>suo</span> <span class='ocrx_word' id='word_1_170' title='bbox 620 2654 673 2687; x_wconf 88' lang='lat' dir='ltr'>ma·</span> <span class='ocrx_word' id='word_1_171' title='bbox 716 2651 764 2710; x_wconf 86' lang='lat' dir='ltr'>pto</span> <span class='ocrx_word' id='word_1_172' title='bbox 781 2637 852 2690; x_wconf 90' lang='lat' dir='ltr'>libro</span> <span class='ocrx_word' id='word_1_173' title='bbox 870 2651 1001 2709; x_wconf 88' lang='lat' dir='ltr'>concepta</span> <span class='ocrx_word' id='word_1_174' title='bbox 1020 2634 1116 2688; x_wconf 84' lang='lat' dir='ltr'>lectio:</span> <span class='ocrx_word' id='word_1_175' title='bbox 1132 2646 1206 2685; x_wconf 71' lang='lat' dir='ltr'>meuc</span> 
     </span>
     <span class='ocr_line' id='line_1_24' title="bbox 174 2711 1219 2788; baseline -0.003 -24"><span class='ocrx_word' id='word_1_176' title='bbox 174 2715 296 2774; x_wconf 84' lang='lat' dir='ltr'>trimouio</span> <span class='ocrx_word' id='word_1_177' title='bbox 303 2713 447 2766; x_wconf 84' lang='lat' dir='ltr'>induxisset</span> <span class='ocrx_word' id='word_1_178' title='bbox 453 2715 480 2764; x_wconf 89' lang='lat' dir='ltr'>iu</span> <span class='ocrx_word' id='word_1_179' title='bbox 487 2717 616 2779; x_wconf 85' lang='lat' dir='ltr'>animum,</span> <span class='ocrx_word' id='word_1_180' title='bbox 626 2713 673 2765; x_wconf 91' lang='lat' dir='ltr'>hu·</span> <span class='ocrx_word' id='word_1_181' title='bbox 717 2716 976 2788; x_wconf 77' lang='lat' dir='ltr'>runtliminaponoe.</span> <span class='ocrx_word' id='word_1_182' title='bbox 991 2715 1082 2782; x_wconf 88' lang='lat' dir='ltr'>Quum</span> <span class='ocrx_word' id='word_1_183' title='bbox 1089 2711 1219 2764; x_wconf 83' lang='lat' dir='ltr'>Cerberus</span> 
     </span>
     <span class='ocr_line' id='line_1_25' title="bbox 172 2791 1219 2865; baseline -0.005 -21"><span class='ocrx_word' id='word_1_184' title='bbox 172 2794 216 2865; x_wconf 79' lang='lat' dir='ltr'>jus</span> <span class='ocrx_word' id='word_1_185' title='bbox 230 2805 282 2842; x_wconf 83' lang='lat' dir='ltr'>tam</span> <span class='ocrx_word' id='word_1_186' title='bbox 294 2791 415 2845; x_wconf 83' lang='lat' dir='ltr'>scelerati</span> <span class='ocrx_word' id='word_1_187' title='bbox 425 2792 530 2846; x_wconf 90' lang='lat' dir='ltr'>consilii</span> <span class='ocrx_word' id='word_1_188' title='bbox 541 2793 673 2848; x_wconf 84' lang='lat' dir='ltr'>Theseum</span> <span class='ocrx_word' id='word_1_189' title='bbox 718 2793 849 2848; x_wconf 82' lang='lat' dir='ltr'>abductus</span> <span class='ocrx_word' id='word_1_190' title='bbox 867 2794 988 2848; x_wconf 85' lang='lat' dir='ltr'>videlicet</span> <span class='ocrx_word' id='word_1_191' title='bbox 1007 2791 1071 2844; x_wconf 90' lang='lat' dir='ltr'>inibi</span> <span class='ocrx_word' id='word_1_192' title='bbox 1091 2809 1146 2842; x_wconf 89' lang='lat' dir='ltr'>non</span> <span class='ocrx_word' id='word_1_193' title='bbox 1163 2809 1219 2840; x_wconf 84' lang='lat' dir='ltr'>am-</span> 
     </span>
     <span class='ocr_line' id='line_1_26' title="bbox 175 2866 1220 2945; baseline -0.003 -24"><span class='ocrx_word' id='word_1_194' title='bbox 175 2871 331 2944; x_wconf 80' lang='lat' dir='ltr'>participem</span> <span class='ocrx_word' id='word_1_195' title='bbox 340 2872 419 2937; x_wconf 80' lang='lat' dir='ltr'>fecit,</span> <span class='ocrx_word' id='word_1_196' title='bbox 429 2890 507 2944; x_wconf 84' lang='lat' dir='ltr'>quem</span> <span class='ocrx_word' id='word_1_197' title='bbox 517 2891 599 2944; x_wconf 82' lang='lat' dir='ltr'>quum</span> <span class='ocrx_word' id='word_1_198' title='bbox 608 2872 674 2928; x_wconf 83' lang='lat' dir='ltr'>ami·</span> <span class='ocrx_word' id='word_1_199' title='bbox 718 2873 788 2945; x_wconf 87' lang='lat' dir='ltr'>plius</span> <span class='ocrx_word' id='word_1_200' title='bbox 797 2873 916 2928; x_wconf 81' lang='lat' dir='ltr'>latraret:</span> <span class='ocrx_word' id='word_1_201' title='bbox 924 2866 1220 2942; x_wconf 75' lang='lat' dir='ltr'>riparuemntprobum</span> 
     </span>
     <span class='ocr_line' id='line_1_27' title="bbox 176 2948 1218 3021; baseline -0.003 -21"><span class='ocrx_word' id='word_1_202' title='bbox 176 2948 296 3000; x_wconf 88' lang='lat' dir='ltr'>citiarum</span> <span class='ocrx_word' id='word_1_203' title='bbox 309 2951 407 3002; x_wconf 91' lang='lat' dir='ltr'>intuitu</span> <span class='ocrx_word' id='word_1_204' title='bbox 420 2949 538 3003; x_wconf 82' lang='lat' dir='ltr'>Theseus</span> <span class='ocrx_word' id='word_1_205' title='bbox 555 2951 589 3004; x_wconf 89' lang='lat' dir='ltr'>ad</span> <span class='ocrx_word' id='word_1_206' title='bbox 604 2951 675 3004; x_wconf 80' lang='lat' dir='ltr'>lule-</span> <span class='ocrx_word' id='word_1_207' title='bbox 719 2951 799 3016; x_wconf 82' lang='lat' dir='ltr'>alias,</span> <span class='ocrx_word' id='word_1_208' title='bbox 810 2949 855 3001; x_wconf 88' lang='lat' dir='ltr'>hic</span> <span class='ocrx_word' id='word_1_209' title='bbox 867 2951 998 3021; x_wconf 88' lang='lat' dir='ltr'>spurium,</span> <span class='ocrx_word' id='word_1_210' title='bbox 1013 2967 1091 3014; x_wconf 87' lang='lat' dir='ltr'>nam,</span> <span class='ocrx_word' id='word_1_211' title='bbox 1102 2960 1132 2998; x_wconf 90' lang='lat' dir='ltr'>ut</span> <span class='ocrx_word' id='word_1_212' title='bbox 1142 2948 1218 2999; x_wconf 85' lang='lat' dir='ltr'>Maro</span> 
     </span>
     <span class='ocr_line' id='line_1_28' title="bbox 178 3027 1220 3104; baseline -0.002 -24"><span class='ocrx_word' id='word_1_213' title='bbox 178 3047 236 3094; x_wconf 82' lang='lat' dir='ltr'>ros,</span> <span class='ocrx_word' id='word_1_214' title='bbox 244 3029 424 3103; x_wconf 69' lang='lat' dir='ltr'>Proserpinam</span> <span class='ocrx_word' id='word_1_215' title='bbox 433 3033 675 3104; x_wconf 85' lang='lat' dir='ltr'>pariterrapturus,</span> <span class='ocrx_word' id='word_1_216' title='bbox 720 3031 831 3095; x_wconf 87' lang='lat' dir='ltr'>cecinit,</span> <span class='ocrx_word' id='word_1_217' title='bbox 843 3027 945 3080; x_wconf 82' lang='lat' dir='ltr'>AEneid.</span> <span class='ocrx_word' id='word_1_218' title='bbox 956 3031 1007 3094; x_wconf 84' lang='lat' dir='ltr'>vt,</span> <span class='ocrx_word' id='word_1_219' title='bbox 1021 3045 1068 3098; x_wconf 87' lang='lat'>¹²7</span> <span class='ocrx_word' id='word_1_220' title='bbox 1080 3049 1086 3078; x_wconf 94' lang='lat'><strong>:</strong></span> <span class='ocrx_word' id='word_1_221' title='bbox 1103 3028 1220 3079; x_wconf 78' lang='lat' dir='ltr'>uNoctes</span> 
     </span>
     <span class='ocr_line' id='line_1_29' title="bbox 178 3107 1219 3183; baseline -0.011 -19"><span class='ocrx_word' id='word_1_222' title='bbox 178 3122 282 3164; x_wconf 74' lang='lat' dir='ltr'>secutos</span> <span class='ocrx_word' id='word_1_223' title='bbox 296 3109 402 3175; x_wconf 81' lang='lat' dir='ltr'>luisset,</span> <span class='ocrx_word' id='word_1_224' title='bbox 413 3112 486 3182; x_wconf 77' lang='lat' dir='ltr'>gravi</span> <span class='ocrx_word' id='word_1_225' title='bbox 498 3125 560 3162; x_wconf 89' lang='lat' dir='ltr'>sunt</span> <span class='ocrx_word' id='word_1_226' title='bbox 571 3113 676 3181; x_wconf 89' lang='lat' dir='ltr'>utrique</span> <span class='ocrx_word' id='word_1_227' title='bbox 721 3123 800 3183; x_wconf 73' lang='lat' dir='ltr'>atque</span> <span class='ocrx_word' id='word_1_228' title='bbox 811 3108 867 3161; x_wconf 86' lang='lat' dir='ltr'>dies</span> <span class='ocrx_word' id='word_1_229' title='bbox 881 3121 955 3179; x_wconf 87' lang='lat' dir='ltr'>patet</span> <span class='ocrx_word' id='word_1_230' title='bbox 968 3109 1019 3160; x_wconf 87' lang='lat' dir='ltr'>atri</span> <span class='ocrx_word' id='word_1_231' title='bbox 1029 3111 1112 3179; x_wconf 84' lang='lat' dir='ltr'>janua</span> <span class='ocrx_word' id='word_1_232' title='bbox 1123 3107 1199 3158; x_wconf 88' lang='lat' dir='ltr'>Ditis.</span> <span class='ocrx_word' id='word_1_233' title='bbox 1207 3129 1219 3153; x_wconf 76' lang='grc' dir='ltr'>ι</span> 
     </span>
     <span class='ocr_line' id='line_1_30' title="bbox 178 3187 1223 3263; baseline -0.002 -23"><span class='ocrx_word' id='word_1_234' title='bbox 178 3187 294 3242; x_wconf 84' lang='lat' dir='ltr'>damnati</span> <span class='ocrx_word' id='word_1_235' title='bbox 308 3189 449 3262; x_wconf 87' lang='lat' dir='ltr'>supplicio.</span> <span class='ocrx_word' id='word_1_236' title='bbox 463 3191 541 3244; x_wconf 83' lang='lat' dir='ltr'>Unde</span> <span class='ocrx_word' id='word_1_237' title='bbox 554 3191 677 3263; x_wconf 77' lang='lat' dir='ltr'>Virgilius</span> <span class='ocrx_word' id='word_1_238' title='bbox 721 3193 783 3244; x_wconf 84' lang='lat' dir='ltr'>Non</span> <span class='ocrx_word' id='word_1_239' title='bbox 797 3193 878 3261; x_wconf 74' lang='lat' dir='ltr'>igitur</span> <span class='ocrx_word' id='word_1_240' title='bbox 891 3191 992 3261; x_wconf 78' lang='lat' dir='ltr'>signate</span> <span class='ocrx_word' id='word_1_241' title='bbox 1005 3201 1115 3262; x_wconf 87' lang='lat' dir='ltr'>propter</span> <span class='ocrx_word' id='word_1_242' title='bbox 1130 3187 1223 3240; x_wconf 82' lang='lat' dir='ltr'>absen-</span> 
     </span>
     <span class='ocr_line' id='line_1_31' title="bbox 178 3267 1223 3343; baseline 0 -25"><span class='ocrx_word' id='word_1_243' title='bbox 178 3267 279 3319; x_wconf 82' lang='lat' dir='ltr'>AEneid.</span> <span class='ocrx_word' id='word_1_244' title='bbox 292 3269 345 3336; x_wconf 80' lang='lat' dir='ltr'>vl,</span> <span class='ocrx_word' id='word_1_245' title='bbox 358 3269 408 3338; x_wconf 81' lang='lat'>617</span> <span class='ocrx_word' id='word_1_246' title='bbox 426 3283 452 3322; x_wconf 90' lang='lat' dir='ltr'>et</span> <span class='ocrx_word' id='word_1_247' title='bbox 469 3288 543 3343; x_wconf 89' lang='lat' dir='ltr'>seq.:</span> <span class='ocrx_word' id='word_1_248' title='bbox 563 3270 676 3337; x_wconf 80' lang='lat' dir='ltr'>«sedet,</span> <span class='ocrx_word' id='word_1_249' title='bbox 723 3274 787 3324; x_wconf 85' lang='lat' dir='ltr'>tietu</span> <span class='ocrx_word' id='word_1_250' title='bbox 800 3269 916 3324; x_wconf 85' lang='lat' dir='ltr'>Cerberi.</span> <span class='ocrx_word' id='word_1_251' title='bbox 929 3271 1058 3322; x_wconf 71' lang='lat' dir='ltr'>Brutina.</span> <span class='ocrx_word' id='word_1_252' title='bbox 1072 3298 1109 3309; x_wconf 97' lang='lat'>-</span> <span class='ocrx_word' id='word_1_253' title='bbox 1124 3269 1223 3320; x_wconf 75' lang='lat' dir='ltr'>Tacite-</span> 
     </span>
     <span class='ocr_line' id='line_1_32' title="bbox 180 3348 1224 3422; baseline 0 -22"><span class='ocrx_word' id='word_1_254' title='bbox 180 3361 358 3422; x_wconf 81' lang='lat' dir='ltr'>aternumque</span> <span class='ocrx_word' id='word_1_255' title='bbox 371 3348 488 3418; x_wconf 84' lang='lat' dir='ltr'>sedebit,</span> <span class='ocrx_word' id='word_1_256' title='bbox 502 3351 596 3403; x_wconf 83' lang='lat' dir='ltr'>Infelix</span> <span class='ocrx_word' id='word_1_257' title='bbox 607 3351 678 3406; x_wconf 90' lang='lat' dir='ltr'>The-</span> <span class='ocrx_word' id='word_1_258' title='bbox 723 3361 792 3403; x_wconf 83' lang='lat' dir='ltr'>runt.</span> <span class='ocrx_word' id='word_1_259' title='bbox 807 3349 837 3401; x_wconf 90' lang='lat' dir='ltr'>ld</span> <span class='ocrx_word' id='word_1_260' title='bbox 849 3363 904 3410; x_wconf 82' lang='lat' dir='ltr'>est,</span> <span class='ocrx_word' id='word_1_261' title='bbox 915 3348 1054 3402; x_wconf 88' lang='lat' dir='ltr'>latratibus</span> <span class='ocrx_word' id='word_1_262' title='bbox 1064 3367 1120 3400; x_wconf 88' lang='lat' dir='ltr'>non</span> <span class='ocrx_word' id='word_1_263' title='bbox 1129 3365 1224 3401; x_wconf 87' lang='lat' dir='ltr'>sonue-</span> 
     </span>
     <span class='ocr_line' id='line_1_33' title="bbox 180 3427 1071 3500; baseline 0.001 -22"><span class='ocrx_word' id='word_1_264' title='bbox 180 3445 248 3478; x_wconf 85' lang='lat' dir='ltr'>seus.</span> <span class='ocrx_word' id='word_1_265' title='bbox 260 3452 271 3474; x_wconf 73' lang='grc' dir='ltr'>ι</span> <span class='ocrx_word' id='word_1_266' title='bbox 287 3427 327 3478; x_wconf 84' lang='lat' dir='ltr'>Ad</span> <span class='ocrx_word' id='word_1_267' title='bbox 341 3447 420 3500; x_wconf 88' lang='lat' dir='ltr'>quem</span> <span class='ocrx_word' id='word_1_268' title='bbox 434 3427 522 3482; x_wconf 87' lang='lat' dir='ltr'>locum</span> <span class='ocrx_word' id='word_1_269' title='bbox 537 3441 627 3482; x_wconf 89' lang='lat' dir='ltr'>notata</span> <span class='ocrx_word' id='word_1_270' title='bbox 639 3430 678 3482; x_wconf 88' lang='lat' dir='ltr'>vi·</span> <span class='ocrx_word' id='word_1_271' title='bbox 722 3443 801 3496; x_wconf 89' lang='lat' dir='ltr'>runt,</span> <span class='ocrx_word' id='word_1_272' title='bbox 816 3428 932 3482; x_wconf 83' lang='lat' dir='ltr'>abducto</span> <span class='ocrx_word' id='word_1_273' title='bbox 946 3427 1071 3482; x_wconf 86' lang='lat' dir='ltr'>Cerbero.</span> 
     </span>
     <span class='ocr_line' id='line_1_34' title="bbox 180 3505 1225 3579; baseline -0.009 -18"><span class='ocrx_word' id='word_1_274' title='bbox 180 3505 267 3561; x_wconf 81' lang='lat' dir='ltr'>denda</span> <span class='ocrx_word' id='word_1_275' title='bbox 284 3521 362 3571; x_wconf 88' lang='lat' dir='ltr'>sunt;</span> <span class='ocrx_word' id='word_1_276' title='bbox 380 3522 448 3561; x_wconf 90' lang='lat' dir='ltr'>nost.</span> <span class='ocrx_word' id='word_1_277' title='bbox 465 3509 529 3562; x_wconf 90' lang='lat' dir='ltr'>edit.</span> <span class='ocrx_word' id='word_1_278' title='bbox 546 3522 610 3562; x_wconf 87' lang='lat' dir='ltr'>tom.</span> <span class='ocrx_word' id='word_1_279' title='bbox 627 3510 679 3576; x_wconf 93' lang='lat' dir='ltr'>lll,</span> <span class='ocrx_word' id='word_1_280' title='bbox 760 3509 802 3578; x_wconf 87' lang='lat'>57.</span> <span class='ocrx_word' id='word_1_281' title='bbox 834 3507 955 3579; x_wconf 76' lang='lat' dir='ltr'>Odrysiis.</span> <span class='ocrx_word' id='word_1_282' title='bbox 978 3506 1108 3560; x_wconf 86' lang='lat' dir='ltr'>Thraciis.</span> <span class='ocrx_word' id='word_1_283' title='bbox 1129 3506 1225 3574; x_wconf 74' lang='lat' dir='ltr'>Tangit</span> 
     </span>
     <span class='ocr_line' id='line_1_35' title="bbox 178 3584 1226 3659; baseline -0.01 -14"><span class='ocrx_word' id='word_1_284' title='bbox 178 3605 241 3659; x_wconf 64' lang='grc' dir='ltr'>με·</span> <span class='ocrx_word' id='word_1_285' title='bbox 256 3603 312 3657; x_wconf 81' lang='lat'><strong>¹7⁰·</strong></span> <span class='ocrx_word' id='word_1_286' title='bbox 328 3589 375 3639; x_wconf 74' lang='lat' dir='ltr'>Ev-</span> <span class='ocrx_word' id='word_1_287' title='bbox 724 3588 844 3644; x_wconf 79' lang='lat' dir='ltr'>fabulam</span> <span class='ocrx_word' id='word_1_288' title='bbox 853 3587 955 3659; x_wconf 84' lang='lat' dir='ltr'>Orphei</span> <span class='ocrx_word' id='word_1_289' title='bbox 967 3587 1092 3651; x_wconf 80' lang='lat' dir='ltr'>Thracis,</span> <span class='ocrx_word' id='word_1_290' title='bbox 1102 3587 1148 3658; x_wconf 88' lang='lat' dir='ltr'>qui</span> <span class='ocrx_word' id='word_1_291' title='bbox 1161 3584 1226 3636; x_wconf 91' lang='lat' dir='ltr'>dici-</span> 
     </span>
     <span class='ocr_line' id='line_1_36' title="bbox 217 3665 1229 3736; baseline 0 -18"><span class='ocrx_word' id='word_1_292' title='bbox 217 3665 603 3732; x_wconf 69' lang='lat' dir='ltr'>54.Jurat1tsamico.hruieitia</span> <span class='ocrx_word' id='word_1_293' title='bbox 610 3671 679 3721; x_wconf 84' lang='lat' dir='ltr'>enirn</span> <span class='ocrx_word' id='word_1_294' title='bbox 725 3683 768 3722; x_wconf 90' lang='lat' dir='ltr'>tur</span> <span class='ocrx_word' id='word_1_295' title='bbox 779 3667 984 3722; x_wconf 74' lang='lat' dir='ltr'>descendissem</span> <span class='ocrx_word' id='word_1_296' title='bbox 996 3669 1099 3720; x_wconf 85' lang='lat' dir='ltr'>lnleros</span> <span class='ocrx_word' id='word_1_297' title='bbox 1111 3665 1145 3718; x_wconf 85' lang='lat' dir='ltr'>ad</span> <span class='ocrx_word' id='word_1_298' title='bbox 1154 3684 1229 3736; x_wconf 88' lang='lat' dir='ltr'>repe·</span> 
     </span>
     <span class='ocr_line' id='line_1_37' title="bbox 179 3743 1228 3819; baseline -0.001 -23"><span class='ocrx_word' id='word_1_299' title='bbox 179 3747 249 3797; x_wconf 84' lang='lat' dir='ltr'>intra</span> <span class='ocrx_word' id='word_1_300' title='bbox 259 3747 390 3818; x_wconf 75' lang='lat' dir='ltr'>equitatis</span> <span class='ocrx_word' id='word_1_301' title='bbox 401 3747 497 3802; x_wconf 87' lang='lat' dir='ltr'>limites</span> <span class='ocrx_word' id='word_1_302' title='bbox 509 3751 626 3802; x_wconf 85' lang='lat' dir='ltr'>coerceri</span> <span class='ocrx_word' id='word_1_303' title='bbox 637 3747 682 3802; x_wconf 88' lang='lat' dir='ltr'>de·</span> <span class='ocrx_word' id='word_1_304' title='bbox 725 3747 834 3802; x_wconf 88' lang='lat' dir='ltr'>tendam</span> <span class='ocrx_word' id='word_1_305' title='bbox 841 3765 950 3802; x_wconf 86' lang='lat' dir='ltr'>uxorem</span> <span class='ocrx_word' id='word_1_306' title='bbox 957 3743 1228 3819; x_wconf 76' lang='lat' dir='ltr'>Eurydicem,acPlu-</span> 
     </span>
     <span class='ocr_line' id='line_1_38' title="bbox 179 3825 1229 3902; baseline -0.002 -25"><span class='ocrx_word' id='word_1_307' title='bbox 179 3825 241 3894; x_wconf 86' lang='lat' dir='ltr'>bet,</span> <span class='ocrx_word' id='word_1_308' title='bbox 257 3825 377 3900; x_wconf 87' lang='lat' dir='ltr'>nihilque</span> <span class='ocrx_word' id='word_1_309' title='bbox 394 3831 485 3882; x_wconf 84' lang='lat' dir='ltr'>amicis</span> <span class='ocrx_word' id='word_1_310' title='bbox 499 3832 626 3902; x_wconf 87' lang='lat' dir='ltr'>promitti.</span> <span class='ocrx_word' id='word_1_311' title='bbox 633 3829 681 3884; x_wconf 89' lang='lat' dir='ltr'>de·</span> <span class='ocrx_word' id='word_1_312' title='bbox 727 3843 817 3884; x_wconf 82' lang='lat' dir='ltr'>tonent</span> <span class='ocrx_word' id='word_1_313' title='bbox 825 3829 969 3900; x_wconf 83' lang='lat' dir='ltr'>Furiaeque</span> <span class='ocrx_word' id='word_1_314' title='bbox 980 3826 1122 3880; x_wconf 88' lang='lat' dir='ltr'>dulcedine</span> <span class='ocrx_word' id='word_1_315' title='bbox 1134 3837 1229 3877; x_wconf 85' lang='lat' dir='ltr'>cantus</span> 
     </span>
     <span class='ocr_line' id='line_1_39' title="bbox 179 3905 1229 3981; baseline -0.003 -23"><span class='ocrx_word' id='word_1_316' title='bbox 179 3906 244 3972; x_wconf 90' lang='lat' dir='ltr'>bet,</span> <span class='ocrx_word' id='word_1_317' title='bbox 263 3909 290 3958; x_wconf 89' lang='lat' dir='ltr'>in</span> <span class='ocrx_word' id='word_1_318' title='bbox 309 3927 363 3980; x_wconf 88' lang='lat' dir='ltr'>quo</span> <span class='ocrx_word' id='word_1_319' title='bbox 381 3911 425 3980; x_wconf 87' lang='lat' dir='ltr'>jus</span> <span class='ocrx_word' id='word_1_320' title='bbox 445 3910 541 3981; x_wconf 80' lang='lat' dir='ltr'>fasque</span> <span class='ocrx_word' id='word_1_321' title='bbox 559 3909 680 3963; x_wconf 77' lang='lat' dir='ltr'>violetur.</span> <span class='ocrx_word' id='word_1_322' title='bbox 728 3910 769 3962; x_wconf 90' lang='lat' dir='ltr'>sui</span> <span class='ocrx_word' id='word_1_323' title='bbox 778 3907 894 3973; x_wconf 78' lang='lat' dir='ltr'>flexisse,</span> <span class='ocrx_word' id='word_1_324' title='bbox 906 3907 1071 3978; x_wconf 85' lang='lat' dir='ltr'>atqueabiis</span> <span class='ocrx_word' id='word_1_325' title='bbox 1081 3905 1229 3958; x_wconf 86' lang='lat' dir='ltr'>obtinuisse</span> 
     </span>
     <span class='ocr_line' id='line_1_40' title="bbox 180 3985 950 4056; baseline 0 -18"><span class='ocrx_word' id='word_1_326' title='bbox 180 3985 262 4053; x_wconf 84' lang='lat' dir='ltr'>Quod</span> <span class='ocrx_word' id='word_1_327' title='bbox 278 4005 334 4039; x_wconf 89' lang='lat' dir='ltr'>non</span> <span class='ocrx_word' id='word_1_328' title='bbox 350 3988 414 4050; x_wconf 82' lang='lat' dir='ltr'>fecit</span> <span class='ocrx_word' id='word_1_329' title='bbox 428 3987 471 4042; x_wconf 92' lang='lat' dir='ltr'>bic</span> <span class='ocrx_word' id='word_1_330' title='bbox 482 3989 619 4056; x_wconf 83' lang='lat' dir='ltr'>Theseus,</span> <span class='ocrx_word' id='word_1_331' title='bbox 635 3987 684 4044; x_wconf 88' lang='lat' dir='ltr'>sed</span> <span class='ocrx_word' id='word_1_332' title='bbox 728 3986 841 4041; x_wconf 84' lang='lat' dir='ltr'>reditum</span> <span class='ocrx_word' id='word_1_333' title='bbox 853 3989 950 4040; x_wconf 83' lang='lat' dir='ltr'>uxoris.</span> 
     </span>
     <span class='ocr_line' id='line_1_41' title="bbox 181 4065 1228 4140; baseline -0.001 -24"><span class='ocrx_word' id='word_1_334' title='bbox 181 4068 268 4118; x_wconf 80' lang='lat' dir='ltr'>amieo</span> <span class='ocrx_word' id='word_1_335' title='bbox 284 4069 362 4119; x_wconf 84' lang='lat' dir='ltr'>etiarn</span> <span class='ocrx_word' id='word_1_336' title='bbox 377 4085 486 4130; x_wconf 64' lang='lat' dir='ltr'>uaorem</span> <span class='ocrx_word' id='word_1_337' title='bbox 500 4069 608 4122; x_wconf 84' lang='lat' dir='ltr'>alterius</span> <span class='ocrx_word' id='word_1_338' title='bbox 621 4087 683 4140; x_wconf 87' lang='lat' dir='ltr'>rup—</span> <span class='ocrx_word' id='word_1_339' title='bbox 765 4065 807 4136; x_wconf 86' lang='lat'>59.</span> <span class='ocrx_word' id='word_1_340' title='bbox 837 4067 983 4140; x_wconf 74' lang='lat' dir='ltr'>iterataque</span> <span class='ocrx_word' id='word_1_341' title='bbox 1004 4083 1084 4137; x_wconf 71' lang='lat' dir='ltr'>petua</span> <span class='ocrx_word' id='word_1_342' title='bbox 1104 4079 1228 4116; x_wconf 72' lang='lat' dir='ltr'>eorunm.</span> 
     </span>
     <span class='ocr_line' id='line_1_42' title="bbox 179 4139 1229 4220; baseline -0.007 -23"><span class='ocrx_word' id='word_1_343' title='bbox 179 4159 244 4198; x_wconf 87' lang='lat' dir='ltr'>turo</span> <span class='ocrx_word' id='word_1_344' title='bbox 260 4165 368 4219; x_wconf 85' lang='lat' dir='ltr'>operam</span> <span class='ocrx_word' id='word_1_345' title='bbox 385 4145 520 4220; x_wconf 81' lang='lat' dir='ltr'>pollicitus</span> <span class='ocrx_word' id='word_1_346' title='bbox 540 4164 587 4202; x_wconf 92' lang='lat' dir='ltr'>est.</span> <span class='ocrx_word' id='word_1_347' title='bbox 607 4148 684 4204; x_wconf 86' lang='lat' dir='ltr'>Unde</span> <span class='ocrx_word' id='word_1_348' title='bbox 729 4147 764 4200; x_wconf 90' lang='lat' dir='ltr'>Ut</span> <span class='ocrx_word' id='word_1_349' title='bbox 787 4163 886 4198; x_wconf 81' lang='lat' dir='ltr'>norum</span> <span class='ocrx_word' id='word_1_350' title='bbox 906 4160 1007 4201; x_wconf 86' lang='lat' dir='ltr'>stamen</span> <span class='ocrx_word' id='word_1_351' title='bbox 1029 4139 1157 4198; x_wconf 80' lang='lat' dir='ltr'>ducerent</span> <span class='ocrx_word' id='word_1_352' title='bbox 1178 4158 1229 4212; x_wconf 88' lang='lat' dir='ltr'>pro</span> 
     </span>
     <span class='ocr_line' id='line_1_43' title="bbox 170 4225 868 4302; baseline 0.004 -28"><span class='ocrx_word' id='word_1_353' title='bbox 170 4227 280 4298; x_wconf 81' lang='lat' dir='ltr'>juratus</span> <span class='ocrx_word' id='word_1_354' title='bbox 294 4225 398 4302; x_wconf 75' lang='lat' dir='ltr'>dicitur.</span> <span class='ocrx_word' id='word_1_355' title='bbox 730 4225 868 4298; x_wconf 80' lang='lat' dir='ltr'>Eurydice.</span> 
     </span>
    </p>
   </div>
   <div class='ocr_carea' id='block_1_5' title="bbox 0 0 1648 5168">
    <p class='ocr_par' dir='ltr' id='par_1_8' title="bbox 0 0 1648 5168">
     <span class='ocr_line' id='line_1_44' title="bbox 0 0 1648 5168; baseline 0 0"><span class='ocrx_word' id='word_1_356' title='bbox 0 0 1648 5168; x_wconf 95' lang='lat' dir='ltr'> </span> 
     </span>
    </p>
   </div>
  </div>
 </body>
</html>
