3264 5166
405 535 471 602 228
640 531 676 594 P.
703 531 739 594 P.
763 527 920 598 STATII
943 529 1218 605 THEBAIDOS

451 665 515 728 Per
524 673 574 739 te,
587 673 772 732 maternos,
785 655 877 722 mitis
888 655 1075 746 Dictynna,
1087 652 1239 738 labores,

446 775 716 862 Fraternumque
728 764 848 848 decus,
857 760 959 858 justis
971 765 1063 833 hunc
1073 763 1140 858 fige
1151 768 1279 858 sagittis

452 877 623 948 Infelicem
635 895 772 946 uterum
784 901 792 942 :
806 878 939 945 misera
950 879 1023 944 sinc
1034 875 1155 943 funera
1166 879 1283 944 matris

448 987 572 1062 Audiat
582 985 639 1057 illc
650 989 782 1081 prior.»
797 984 1206 1082 Dixit,fletuquesoluto,
1399 1001 1451 1054 oss

449 1102 600 1195 Adspicit
611 1117 644 1168 et
656 1102 763 1168 uiveae
774 1123 893 1168 saxum
905 1099 1077 1170 maduisse
1087 1103 1214 1169 Ihanae.

495 1209 592 1279 Illam
604 1212 689 1277 Diva
700 1209 795 1278 ferox
806 1212 992 1277 etiamnum
1004 1211 1040 1277 in
1050 1209 1167 1278 limine
1178 1233 1273 1278 sacro

448 1325 662 1418 Expositum,
675 1336 710 1388 et
720 1320 846 1414 gelidas
858 1337 1049 1390 verrentem
1059 1320 1209 1390 crinibus
1221 1345 1296 1390 uras

435 1547 497 1603 632.
516 1549 650 1602 Maternus
669 1547 773 1602 iudom.
787 1549 836 1601 Vel
851 1550 903 1601 Lu·
948 1549 988 1602 tis.
1003 1549 1054 1600 ula
1066 1545 1125 1600 eliis
1134 1546 1232 1600 lectum
1241 1547 1339 1599 tunnis
1350 1563 1401 1616 pro
1403 1550 1451 1618 jsr-

399 1643 486 1697 ton2‚
499 1627 541 1680 sel
555 1630 674 1680 omnium
685 1630 902 1700 parturientium,
946 1625 997 1680 stis.
1012 1624 1062 1680 sed
1081 1637 1206 1697 prestare
1221 1638 1286 1696 puto
1299 1623 1450 1696 vulgatam,

401 1706 497 1781 quibus
514 1719 617 1779 praest.
634 1737 670 1748 -
686 1707 829 1778 Dictynna.
848 1707 903 1760 Co·
948 1723 1028 1778 quam
1039 1717 1066 1758 et
1075 1704 1135 1756 libri
1147 1702 1313 1756 confirmant.
1325 1727 1336 1752 s
1350 1706 1449 1757 Birra.

321 1845 327 1860 ι
400 1797 573 1860 μοωοιιῑωπ
590 1787 695 1838 Ilione:
708 1804 767 1858 quer
779 1787 818 1838 sic
831 1784 903 1837 dicte
947 1784 1064 1856 lipsien.
1079 1782 1185 1836 exhibet
1200 1785 1287 1838 crictis.
1301 1814 1338 1824 —
1352 1784 1451 1858 ¹³²ss

399 1878 440 1918 est
449 1863 499 1916 e'aei
510 1862 556 1916 cir
568 1858 679 1924 innius,
691 1883 708 1913 a
720 1863 828 1916 retibus:
841 1881 903 1916 uam
947 1863 1028 1918 babet
1042 1862 1112 1916 haue
1132 1861 1192 1914 lect.
1207 1863 1271 1933 Ποῦ.
1286 1863 1308 1915 C
1321 1877 1448 1917 nostram.

398 1957 496 1997 venatu
511 1942 611 2011 [gaudet
620 1943 686 1995 Des.
702 1941 854 1995 Phoruutus
864 1961 904 1996 re·
946 1943 994 1996 llo.
1007 1973 1043 1984 --
1056 1943 1261 2015 fraternumque
1271 1942 1353 1996 decise
1367 1943 1451 2015 Apol·

399 2024 452 2076 fert
473 2023 678 2094 sllictynnam·
700 2023 808 2086 vocem,
830 2021 903 2094 quod
948 2023 1017 2076 linis.

397 2101 453 2154 huc
467 2119 531 2153 suos
545 2099 653 2171 dejiciat
666 2099 770 2155 radios:
786 2118 848 2153 narn
864 2100 903 2150 ii·
983 2102 1045 2156 635.
1053 2101 1153 2155 Audiat
1159 2101 1206 2155 ille
1211 2100 1293 2174 prior.
1299 2100 1450 2154 Audistille

398 2201 443 2235 esis
452 2185 539 2252 jacere
552 2181 696 2250 siguificat:
712 2182 799 2233 Diana
812 2194 902 2234 autem
944 2181 1130 2254 precorLaug.
1149 2180 1248 2232 Iluslid.
1267 2181 1383 2252 Lipsisn.
1399 2183 1449 2234 Re-

398 2259 492 2314 eudem
508 2278 566 2331 quse
582 2258 655 2310 luna.
673 2258 833 2313 scholiastes
851 2261 902 2312 Ila-
946 2258 1014 2312 hott.
1029 2277 1052 2326 ι,
1065 2277 1097 2326 a,
1108 2271 1135 2311 et
1147 2259 1207 2311 edd.
1217 2272 1282 2312 vett.
1293 2257 1450 2312 Audiutille

398 2359 495 2394 uarum
518 2337 705 2409 Aristophanis
730 2338 794 2391 dicit
819 2340 902 2414 Nym·
944 2341 1097 2414 pn'orllan.
1110 2339 1316 2393 Potanhmstel.
1330 2341 1448 2393 Gronov.

397 2419 561 2493 phsm,que
568 2418 738 2490 Britomartys
745 2418 902 2484 vocabatur,
946 2417 1036 2472 Barth.
1059 2432 1085 2471 et
1103 2417 1201 2491 Delph.
1220 2421 1301 2471 etita
1319 2437 1351 2472 ex
1369 2417 1447 2472 codd.

399 2497 523 2553 incidisse
538 2497 659 2550 venando
675 2499 703 2549 in
718 2499 784 2550 retia
800 2511 827 2550 et
840 2497 902 2550 hinc
948 2495 1243 2550 emendantllurmann.
1254 2496 1373 2552 edOvid.
1383 2501 1451 2551 Met.

397 2574 901 2649 seespedirenonpotuissealiberatam
944 2580 1018 2644 VIII,
1033 2577 1101 2648 499,
1116 2590 1143 2630 et
1155 2575 1326 2630 Marklandus
1339 2577 1374 2632 sd
1386 2577 1446 2632 silv.

399 2677 463 2711 vero
476 2677 491 2709 a
504 2657 589 2708 Diana
606 2655 735 2726 templum
751 2657 841 2707 Diana
854 2656 902 2708 Di·
944 2659 978 2723 V,
992 2674 1016 2722 r,
1031 2659 1089 2711 181.

398 2752 501 2811 ctynuoe
516 2736 723 2789 consecravisse.
742 2737 803 2786 Ilaec
821 2736 901 2790 etism
981 2735 1449 2790 etesiumsimutaamm-Me

397 2815 478 2888 hujus
498 2815 666 2886 cognominis
686 2815 755 2866 ratio
779 2811 901 2865 traditur.
946 2815 1037 2868 doissa-
1050 2817 1079 2866 lu
1093 2815 1190 2867 malum
1205 2834 1284 2869 orneu
1299 2815 1449 2888 accipieba-

396 2890 902 2969 IlictyunaCreteusislllyrnpha‚Diana
946 2907 1000 2960 tur,
1014 2912 1074 2946 cum
1087 2894 1228 2948 simulacra
1239 2896 1356 2949 Deorum
1370 2894 1449 2948 suda·

396 2993 504 3040 comes,
516 2991 577 3026 curn
588 2974 641 3024 vim
653 2971 766 3037 Minois,
779 2982 902 3041 stuprum
946 2971 1027 3039 baut,
1043 2985 1073 3024 ut
1086 2972 1177 3026 videre
1192 2987 1232 3026 est
1249 2975 1321 3046 apud
1335 2975 1450 3047 scripto·

396 3053 436 3107 illi
449 3055 547 3106 inferre
560 3053 702 3118 tentantis,
714 3051 833 3122 effugere
846 3067 901 3101 nou
947 3071 997 3105 res.
1007 3051 1074 3104 Vide
1082 3052 1212 3106 Thebaid.
1225 3056 1268 3106 IV.
1280 3052 1447 3121 Quibusdam

396 3145 505 3206 posset,
519 3135 547 3184 in
558 3151 631 3184 mare
643 3147 670 3182 se
682 3130 845 3202 precipitem
857 3126 902 3179 de·
945 3131 1092 3198 maduisse,
1107 3132 1237 3205 plorasse.
1399 3187 1401 3192 ,

397 3213 452 3266 dit:
471 3210 543 3265 illata
557 3229 621 3264 vero
636 3223 677 3262 est
690 3211 759 3260 inter
776 3210 841 3261 retia
859 3209 901 3280 pi·
981 3212 1043 3280 637.
1054 3214 1077 3265 1.
1088 3213 1123 3264 D.
1127 3212 1154 3284 s
1164 3213 1308 3265 etiamnum
1319 3213 1347 3264 iu
1357 3211 1448 3264 limine

396 3305 545 3356 sertorum,
556 3286 901 3362 quaeGruceiimvsdicuu·
945 3309 1025 3345 sucro.
1045 3292 1196 3346 -v0cutam
1216 3295 1243 3344 in
1261 3295 1367 3366 optime
1381 3292 1448 3346 alie·

397 3386 450 3440 tur,
462 3391 477 3424 e
489 3369 585 3443 quibus
597 3371 654 3439 ejus
665 3387 764 3440 corpus
775 3368 900 3421 eductum
946 3388 997 3442 que
1009 3370 1166 3424 membranae
1183 3375 1316 3426 omittunt.
1331 3375 1395 3426 Eum
1411 3373 1448 3425 le·

396 3449 639 3517 estQuumautem
647 3450 903 3519 postcaCretsinsu·
947 3450 1061 3502 ctionem
1074 3469 1164 3502 veram
1179 3465 1320 3524 putamus,
1335 3466 1361 3506 et
1373 3455 1449 3525 Papi·

397 3529 422 3581 lu
433 3529 507 3600 gravi
516 3539 593 3598 peste
605 3525 704 3578 aillicta
716 3539 799 3590 esset,
811 3539 900 3580 erecto
946 3531 991 3581 nio
1006 3531 1258 3585 convenientiorem.
1270 3555 1281 3579 ι
1297 3519 1398 3586 nora?

397 3609 489 3660 Disute
504 3603 604 3676 templo
619 3604 669 3656 sub
684 3608 842 3676 cognomine
857 3607 902 3658 Di·
981 3608 1043 3663 638.
1062 3610 1095 3660 Ε.
1107 3628 1130 3661 e.
1141 3631 1167 3685 q.
1184 3621 1325 3664 venantem
1337 3612 1450 3666 crinibus

397 3700 514 3758 etynne,
527 3682 668 3750 notibus,
681 3702 695 3734 a
706 3696 781 3754 peste
791 3683 902 3737 liberata
945 3706 1011 3742 uras.
1027 3690 1058 3740 In
1073 3683 1232 3761 quibusdum
1247 3690 1307 3743 edd.
1322 3704 1385 3744 vett.
1403 3711 1448 3744 ue-

397 3776 447 3816 est.
467 3762 535 3815 Vide
553 3761 746 3814 Callimachum
765 3763 792 3814 in
812 3764 902 3815 Diana
947 3778 1044 3818 rentem
1066 3768 1179 3820 crinibus
1202 3788 1278 3830 orus,-
1299 3769 1448 3823 Bernartius

397 3845 518 3916 Hymno,
528 3840 686 3894 Strabonem
696 3839 713 3893 l.
727 3841 760 3894 X.
770 3842 839 3912 Lege
852 3843 903 3894 Eu·
946 3847 1059 3900 correxit
1070 3866 1101 3899 ex
1110 3845 1191 3900 codd.
1198 3878 1235 3888 —
1243 3849 1270 3904 V
1267 3860 1392 3901 urentem
1402 3849 1450 3901 cri·

397 3921 491 3995 ripidis
504 3923 531 3974 iu
546 3920 691 3994 Hippolyto
706 3935 901 3974 commentato·
946 3925 1022 3979 nibus
1041 3945 1107 3980 urus.
1128 3925 1252 3981 Crinibus
1272 3929 1342 3980 enim
1363 3931 1451 4000 passis

397 4022 449 4064 res,
458 4001 614 4053 Pausaniam
621 4001 647 4052 in
655 4001 793 4053 Laconicis
802 4015 828 4054 et
835 4000 902 4054 I’ho·
945 4005 1042 4079 templu
1057 4021 1184 4061 matrone
1203 4010 1230 4060 in
1244 4009 1447 4080 supplicationi-

396 4085 469 4134 eicis.
480 4078 616 4133 Diodorus
627 4079 731 4134 Siculus
743 4081 900 4153 Dictynnam
944 4083 996 4136 bus
1009 4085 1167 4150 verrebant,
1178 4099 1207 4138 ut
1213 4089 1269 4157 jam
1281 4084 1408 4155 dirimas,
1421 4100 1448 4140 et

397 4160 475 4214 sliam
491 4177 548 4211 esse
562 4175 578 4209 o
590 4159 675 4211 Diana
690 4160 778 4211 sentit.
945 4160 972 4213 id
980 4164 1150 4236 sequentibus
1157 4163 1445 4218 testimoniisflrmatur.

433 4237 494 4293 63³.
513 4239 542 4290 F.
555 4238 580 4289 d.
589 4238 667 4312 justis
680 4233 814 4312 huucfiqe
823 4239 900 4312 sugit·
945 4239 1032 4293 livius
1041 4241 1087 4294 lib.
1098 4243 1147 4310 111,
1161 4243 1273 4295 aStrate
1283 4245 1379 4316 passim
1390 4262 1446 4296 mu·
