3272 5166
626 542 767 606 nrunn
794 543 835 606 x.
1187 547 1249 635 327

257 668 363 759 Seque
375 689 477 759 super
486 665 615 733 medios
626 667 895 748 acies,nondum
907 691 988 736 enee
999 672 1154 752 remisso,

257 779 357 857 lecit,
369 791 404 842 et
414 777 448 842 in
462 797 568 842 saevos
580 775 699 843 cadere
711 794 762 844 est
773 792 914 844 conatus
926 775 1079 845 Achivos.

257 891 316 952 Ast
327 883 422 952 illum
434 883 597 978 amplexae
610 889 717 953 Pietas
729 891 924 980 Virtusque,
938 887 1090 956 ferebant
1202 904 1252 971 780

257 997 391 1062 Leniter
403 994 445 1062 ad
460 1009 563 1063 terras
576 1019 698 1088 corpus
711 1024 718 1063 ι
729 996 800 1090 jam
812 1000 951 1090 spiritus
962 997 1044 1065 olim

257 1111 341 1172 Ante
352 1110 488 1186 lovem,
502 1122 536 1173 et
546 1109 687 1174 summis
699 1111 829 1200 apicem
841 1107 903 1175 sibi
916 1111 1023 1200 poscit
1034 1113 1069 1176 in
1081 1113 1190 1177 astris.

301 1220 444 1310 Jamque
455 1219 543 1284 intra
554 1241 670 1286 muros
683 1218 776 1286 nullo
788 1217 910 1287 sudore
921 1237 1094 1312 receptum

254 1326 447 1395 Gaudentes
459 1327 561 1396 heroa
572 1329 686 1397 ferunt
699 1357 705 1394 :
719 1329 926 1398 abscesserat
935 1330 1024 1397 ultro

255 1438 472 1507 Tantalidum
485 1457 642 1506 venerata
653 1439 773 1508 cohors
786 1467 793 1506 :
807 1440 896 1508 subit
908 1444 1039 1532 agmine
1052 1439 1153 1530 longo
1202 1453 1251 1524 785

255 1547 347 1614 Colle
358 1553 445 1616 inter
452 1549 634 1640 juvenum,
647 1551 798 1644 laetisque
810 1549 980 1618 furoribus
993 1554 1084 1617 omni

255 1659 450 1726 Concinitur
460 1657 578 1750 vulgo,
591 1659 755 1727 Cadmum
767 1677 868 1753 atque
879 1659 1068 1752 Amphiona
1081 1685 1183 1752 snpra

254 1768 433 1836 Conditor:
447 1769 482 1836 bi
495 1773 605 1852 sertis,
618 1770 654 1838 hi
665 1775 752 1838 veris
765 1771 892 1839 honore
904 1771 1014 1837 soluto
1115 1755 1118 1762 Ι

208 2007 293 2074 dnos,
304 2020 334 2060 ut
344 2007 478 2080 colligitur
487 2027 518 2062 ex
529 2022 645 2082 utroque
656 2012 709 2061 'le-
754 2008 897 2062 humanam
903 2009 1082 2063 conditionem
1091 2024 1256 2082 praetergres-

209 2097 349 2140 stamento.
755 2109 810 2154 sos,
824 2105 892 2150 et.ut
902 2091 972 2143 Deos
985 2090 1133 2144 coluerunt.

245 2167 305 2236 780.
315 2166 362 2222 Aa
373 2167 452 2219 illum
461 2167 597 2239 amplexer.
613 2170 708 2240 :Opti-
791 2169 851 2236 783.
863 2168 947 2222 Nullo
958 2168 1057 2220 nudare.
1069 2169 1181 2238 Corrigit
1190 2171 1254 2241 Pey-

207 2265 266 2300 mns
279 2248 403 2300 codicum
417 2246 492 2300 aliter
506 2247 562 2300 haec
576 2251 707 2319 concipit:
754 2249 865 2302 raredus
882 2249 984 2316 multo,
1005 2251 1067 2319 quia
1088 2268 1136 2319 per
1154 2248 1254 2302 medias

207 2327 255 2379 Ast
266 2326 362 2390 Idrimr
380 2329 406 2379 in
425 2326 478 2378 elio
497 2326 590 2380 codice
609 2339 706 2380 exstet:
754 2329 823 2380 acies
843 2347 1014 2399 perrumpere
1030 2327 1082 2380 illis
1101 2345 1169 2399 opus
1187 2329 1254 2394 fuit,

207 2407 244 2459 Ar
263 2408 355 2459 sadum
374 2406 532 2478 amplexa.»
555 2407 651 2458 Βιιιτιι.
673 2431 709 2446 -·-
754 2421 783 2458 ut
797 2427 894 2480 corpus
907 2407 1090 2470 extrahereut;
1102 2425 1201 2460 numae
1214 2427 1254 2460 su·

206 2489 302 2540 Pietas.
311 2491 394 2558 Apte,
402 2491 462 2559 quis
470 2491 553 2559 pietas
563 2487 628 2540 nibil
637 2487 709 2540 aliud
752 2505 801 2557 pra
812 2488 911 2540 medias
922 2490 992 2539 acies
1001 2489 1110 2556 jecerat.
1123 2487 1174 2539 Sed
1186 2486 1253 2539 felli·

208 2579 249 2618 eet
262 2585 342 2638 φιιιιιι
356 2566 474 2618 officinm
488 2567 631 2638 prestitum
645 2585 708 2618 san·
753 2583 812 2629 tnr;
829 2568 893 2620 dicit
907 2569 977 2618 enim
994 2567 1061 2618 inira
1078 2570 1160 2633 Poeta*
1172 2585 1252 2618 vene-

208 2646 288 2712 guine
300 2647 464 2714 conjunctis,
482 2664 512 2696 ac
525 2647 623 2715 patria.
639 2646 706 2697 ilino
753 2661 838 2700 ratum
850 2648 1007 2716 Argivorum
1023 2649 1166 2698 exercitum
1180 2646 1251 2697 ultro

207 2724 397 2776 Poetaindncit
404 2727 530 2777 Pietatem
540 2741 566 2777 et
576 2727 707 2778 Virtutem
752 2725 919 2778 abscessisse.

208 2821 305 2874 corpus
320 2804 450 2856 Menoecei
466 2804 664 2876 amplexantes,
681 2817 707 2855 et
788 2803 847 2873 784.
869 2807 900 2856 G.
921 2803 946 2854 b.
960 2802 987 2873 s.
1007 2803 1156 2854 abscesserat
1172 2801 1250 2854 altro.

207 2883 302 2936 leniter
313 2884 429 2935 ferentes
444 2883 478 2936 ad
493 2899 599 2935 terram.
751 2887 825 2936 Unus
836 2882 926 2934 Bebot.
939 2889 1074 2932 accesserat
1083 2878 1160 2931 ultro.
1173 2879 1251 2931 «Me-

244 2963 304 3032 781.
322 2963 428 3014 Leniter
444 2963 479 3013 ad
501 2973 577 3014 terras
597 2979 705 3032 corpus:
751 2961 829 3014 liores
841 2961 901 3012 libri
913 2958 1031 3012 scribunt
1041 2957 1197 3010 abscesserat.
1211 2981 1222 3002 ι

204 3041 261 3110 iam
269 3040 372 3112 spirituas
383 3038 456 3094 olim.
472 3039 665 3093 «scribendum
676 3059 707 3092 ex
787 3039 847 3110 785.
868 3041 894 3090 C.
915 3040 932 3088 i.
943 3040 968 3108 j.
989 3035 1104 3106 laetisque
1116 3035 1252 3107 fovendus

208 3121 532 3190 anctoritateoptimarurn
543 3118 706 3172 membrana·
751 3120 832 3170 omni.
855 3115 982 3170 Nonnulli
1002 3115 1080 3168 codtl.
1105 3114 1249 3168 exhibent:

206 3218 280 3252 mm:
302 3217 357 3250 nore
375 3199 478 3270 spiritur
495 3199 590 3251 olima
611 3201 705 3249 Banun.
751 3197 865 3268 laetisque
870 3195 1030 3267 furentibus.

206 3279 246 3330 lta
259 3276 358 3329 habent
372 3279 451 3330 stiam
468 3276 572 3330 Bebott.
593 3293 616 3340 s,
637 3293 708 3326 2.-
787 3278 847 3345 787.
869 3276 895 3326 C.
916 3296 938 3327 υ.
958 3276 986 3328 C.
1004 3283 1082 3345 atque
1098 3271 1252 3343 Amphiona

206 3357 328 3425 Bega-‚B
346 3365 372 3408 et
389 3355 426 3420 G,
443 3375 505 3406 nam
523 3356 625 3424 spiritus
640 3353 706 3406 olim
750 3373 838 3428 snpra.
857 3355 971 3405 Petrens.
991 3351 1084 3404 babet:
1099 3351 1252 3423 Amphiona

208 3433 340 3486 exhibent.
358 3436 404 3486 Eo.
750 3453 833 3505 saper.
845 3463 880 3473 —
894 3431 1053 3484 Concinitur.
1068 3429 1250 3483 Collaodutur.

244 3514 304 3582 782.
322 3513 355 3565 A.
372 3514 398 3564 J.
416 3532 438 3565 e.
453 3533 472 3566 s.
487 3534 511 3564 a.
525 3513 572 3566 sibi
585 3513 668 3583 poscit
678 3514 705 3564 in
751 3511 840 3566 Ordo:
854 3513 1008 3564 Concinitur
1018 3510 1113 3582 vulgo,
1129 3527 1188 3562 eum
1201 3527 1251 3578 po-

90 3646 95 3656 ,
207 3592 289 3644 astris
306 3593 373 3644 Dan.
389 3581 708 3663 quaestionis-lu
751 3592 830 3662 pulus
842 3591 1007 3644 conditorem
1020 3590 1091 3642 orbis
1103 3607 1155 3642 suc
1169 3606 1250 3640 vocs-

206 3672 313 3725 summis
323 3672 422 3737 apicem
433 3670 481 3724 sibi
490 3670 573 3742 poscit
586 3671 614 3720 in
625 3671 705 3722 astris.
750 3671 811 3736 but,
834 3685 860 3724 et
880 3670 980 3724 Cadmo
1002 3684 1081 3741 atque
1101 3668 1252 3740 Amphione

207 3753 243 3802 Ut
258 3750 304 3820 qni
316 3749 542 3820 preclarissimurn
553 3767 585 3800 ac
597 3749 707 3826 foptissi·
751 3751 886 3802 meliorem
899 3749 1011 3802 dicebat.
1030 3751 1107 3801 Lacr.

207 3845 280 3880 mum
291 3829 395 3880 facinus
409 3827 540 3890 ediderat,
555 3845 604 3898 pro
621 3830 706 3898 petria
787 3832 847 3900 788.
871 3831 1010 3882 Conditor:
1027 3829 1055 3880 bi
1067 3829 1151 3894 sertis,
1167 3828 1195 3879 lsi
1206 3847 1250 3879 ve-

207 3907 355 3960 moriendo.
365 3911 473 3960 Veteres
485 3908 554 3958 enim
566 3909 637 3958 miris
649 3906 706 3959 lau·
752 3909 784 3960 ris
797 3908 893 3960 bonore
905 3906 998 3961 soluto.
1016 3909 1091 3958 Unus
1108 3905 1207 3956 codex:
1224 3903 1251 3956 lsi

208 3985 287 4038 dibus
301 3987 448 4039 efferebant
460 4005 521 4052 eos,
537 3988 582 4056 qui
596 4005 645 4057 pro
660 4005 706 4057 ps·
752 3987 817 4038 suris
827 3987 936 4051 bonore,
949 4005 979 4038 es
990 3987 1099 4037 Horatio
1109 3987 1133 4050 1,
1143 3983 1194 4035 Od.
1210 4001 1250 4052 17,

207 4067 256 4118 tria
267 4067 456 4132 moriebantur,
469 4079 495 4118 et
504 4065 576 4137 pleni
587 4080 649 4117 sunt
661 4085 705 4118 su·
755 4064 965 4118 teudeberto.
979 4063 1041 4116 ibid.
1055 4075 1081 4116 et
1090 4063 1149 4116 silv.
1163 4066 1206 4128 lV,
1220 4063 1250 4127 5,

208 4144 707 4217 ctoreslandibusquibuspopulibosoe
755 4163 777 4196 ι.
790 4175 824 4186 -
836 4146 916 4216 [legg.
931 4147 988 4196 Bct
1001 4146 1022 4198 C
1036 4143 1169 4214 prebent,
1185 4145 1251 4193 Con·

209 4226 308 4278 lleroes
326 4229 462 4296 prosecuti
477 4239 551 4292 sunt,
566 4244 665 4296 eosque
680 4239 708 4276 ut
752 4225 837 4278 ditur.-
859 4225 886 4278 ta·
903 4226 982 4278 sertis.
1001 4227 1046 4277 En.
1065 4253 1099 4262 -—
1121 4222 1249 4274 Conditor.
