3194 5156
594 527 736 592 cisun
761 529 786 591 1.
1150 531 1214 614 ⁵43

210 657 304 723 Serta
319 655 424 721 comis
439 668 472 719 et
485 655 575 720 mitis
589 651 735 740 honosi')
748 651 872 746 quibus
883 649 1019 721 abditus
1032 658 1115 737 oris,
1164 671 1215 725 505

211 771 328 852 Quave
334 761 435 857 jubes
448 763 570 831 tellure
582 766 651 857 peti
665 791 672 832 ε
686 787 766 832 nam
779 764 882 846 fama,
897 788 961 832 nec
972 770 1076 836 antris

214 876 387 960 Chironis,
400 879 508 969 patria
519 899 582 944 nec
593 875 716 969 degere
729 875 845 944 Peleos
856 876 945 944 aula.

212 993 289 1070 Eia,
303 993 452 1082 irrumpe
464 996 568 1071 Deos,
584 1005 618 1057 et
629 990 697 1056 lata
709 988 846 1056 latentia
858 988 950 1070 laxe,

213 1103 479 1196 Laurigerosque
491 1103 603 1192 ignes,
616 1102 643 1168 si
656 1099 810 1194 quando,
823 1099 1037 1168 avidissimus
1049 1102 1147 1171 heun'
1161 1132 1168 1172 :

214 1217 315 1278 Arma
327 1208 495 1278 horrenda
508 1208 566 1278 tibi
579 1233 755 1305 saevosque
767 1211 958 1278 remisimus
970 1233 1079 1280 enses.
1163 1227 1217 1282 510

213 1325 395 1414 Nunquam
409 1319 470 1388 bas
483 1318 635 1387 imbelles
649 1319 741 1410 galea
755 1319 922 1388 violabere
934 1323 1032 1390 vittas
1046 1348 1053 1388 :

214 1432 262 1499 Sis
274 1430 369 1512 felix,
383 1455 594 1524 numeroque
607 1429 733 1498 ducum
747 1433 962 1524 prestantior
976 1435 1084 1515 omni,

215 1542 246 1607 Si
257 1565 419 1634 magnum
433 1545 556 1610 Danais
570 1566 630 1634 per
643 1559 675 1610 te
689 1541 861 1634 portendis
873 1541 1047 1610 Achillem.
1066 1574 1080 1604 s

261 1652 467 1722 iamdudum
480 1653 610 1746 trepido
623 1654 817 1722 circumfert
828 1653 954 1722 lumina
965 1671 1077 1736 motu,

215 1765 471 1857 Intrantemque
483 1769 592 1830 Deum
605 1766 716 1855 primo
727 1761 857 1857 pallore
868 1764 992 1832 fatetur
1167 1782 1218 1834 515

204 1931 263 1987 505.
274 1934 348 1987 Serta
364 1937 444 1989 comis
457 1948 483 1988 et
495 1937 565 1990 mitis
581 1936 671 1989 bonos.
717 1950 773 1988 erat
787 1935 906 2008 quaetlsm
925 1955 966 1989 ars
978 1935 1113 1988 divinandi
1128 1955 1218 1991 verum

168 2014 249 2084 Βοῦς.
260 2017 279 2066 Β
290 2029 315 2068 et
327 2015 348 2068 C
358 2027 384 2066 et
397 2017 493 2068 multus
505 2017 587 2070 bonos
598 2014 672 2068 exhi·
717 2035 748 2069 ex
762 2017 836 2068 inmo
849 2035 916 2080 ere,
930 2028 956 2068 et
972 2017 1118 2068 vocabatur
1136 2039 1222 2072 semo-

169 2094 243 2148 bent.
262 2099 350 2149 Eu-
361 2100 442 2150 Miris.
458 2098 517 2164 Alii,
534 2100 630 2151 nurus.
642 2097 672 2149 ld
713 2096 823 2163 μιντιίι.
843 2097 885 2148 Sic
898 2095 982 2146 Theb.
1001 2097 1038 2160 X,
1058 2113 1082 2147 v.
1100 2095 1221 2166 59010-

169 2189 227 2240 est,
239 2177 328 2228 officio
339 2195 387 2228 suo
400 2196 454 2229 non
469 2179 592 2246 fungens.
718 2195 801 2250 quens
815 2178 895 2228 Poeta
909 2175 942 2226 dr
957 2177 1057 2228 Tiresis
1075 2179 1132 2228 eit:
1148 2199 1159 2224 ι
1174 2179 1220 2232 llle

205 2254 265 2307 506.
293 2257 381 2326 Quoue
400 2257 470 2328 jubes
493 2257 585 2310 tellure
608 2257 670 2326 peti.
717 2269 858 2308 coronatos
867 2257 923 2322 jum
935 2255 1036 2326 pridem
1056 2256 1223 2328 amplectitur

168 2335 232 2405 lieg.
250 2336 376 2405 Bhsbet,
396 2357 481 2411 queue
489 2342 566 2412 juves
582 2335 674 2389 tellure
717 2336 790 2404 ignes
799 2333 945 2386 fatidicum
958 2333 1067 2386 sorbens
1084 2334 1157 2386 vultu
1174 2335 1223 2387 lla·

167 2416 231 2485 peti.
241 2417 287 2466 Eo.
718 2429 809 2486 grente
830 2432 988 2486 vaporem·
1008 2441 1042 2454 -
1060 2415 1089 2467 Si
1106 2416 1221 2488 quando.

206 2493 267 2562 507.
279 2494 377 2548 Peleos.
389 2495 527 2549 Genitirus
540 2496 655 2546 Grecos.
719 2493 849 2558 Subandi,
866 2493 963 2564 cupide
978 2491 1097 2545 hausisti.
1112 2525 1148 2535 -
1160 2496 1224 2548 Aui-

207 2575 267 2628 508.
281 2576 347 2639 Eia,
358 2578 473 2649 irrumpe
485 2577 565 2642 Deos,
579 2573 675 2646 elfato
718 2573 834 2626 «lusimus
844 2571 928 2623 hauri.
944 2569 973 2622 ld
988 2585 1039 2638 est,
1054 2575 1176 2645 concipe.

170 2652 280 2705 latentia
293 2653 361 2706 laxa.
373 2656 423 2706 Eia
435 2673 526 2726 rumpe
536 2655 603 2708 Deos
614 2656 674 2705 Exn.
755 2653 816 2705 510.
839 2652 921 2702 Anna
943 2651 1070 2704 horrenda
1089 2653 1150 2719 titt,
1172 2665 1222 2704 etc.

171 2732 248 2801 Burg.
262 2745 287 2783 et
301 2735 355 2784 rut.
372 2733 492 2786 latentia
506 2753 568 2786 uera
581 2737 639 2784 Put.
649 2745 675 2782 et
719 2733 788 2784 ilinc
810 2746 919 2802 apparet
943 2729 1030 2784 nullos
1053 2734 1182 2784 immunes
1206 2751 1223 2784 e

170 2813 277 2862 Venett.
293 2839 327 2849 —
348 2813 410 2881 lieg.
434 2810 568 2876 Bhabet,
589 2811 674 2873 Heia,
719 2812 790 2864 bello
817 2810 889 2881 apud
913 2811 1038 2878 Graecos,
1065 2829 1120 2863 non
1150 2814 1223 2883 ipsos

172 2889 285 2958 irrumpe
293 2889 372 2954 Deos,
382 2888 470 2959 elfato
479 2887 588 2940 latentia
597 2905 675 2947 uero,-
719 2894 798 2945 esiam
813 2888 975 2941 sacerdotes.
1096 2909 1101 2914 ·

172 2969 235 3036 liep.
247 2970 283 3033 C,
294 2968 359 3034 Eia,
368 2986 460 3039 rumpe
471 2984 569 3031 moras,
581 2977 606 3017 et
614 2965 675 3036 fata
757 2969 786 3022 51
797 2967 953 3021 ntmbettes.
961 2969 1020 3018 Non
1027 2971 1224 3036 convenientes,

173 3047 282 3099 latentia
297 3046 366 3100 luxa.
383 3049 427 3098 Eu.
439 3061 470 3086 -’
485 3048 535 3098 Eia
544 3082 553 3110 ,
563 3046 677 3113 irrutttpe
721 3067 775 3101 non
790 3060 866 3118 aptas
878 3047 958 3098 bello.
973 3050 1095 3099 Barnun,
1108 3077 1144 3088 -
1160 3049 1225 3102 Vio.

172 3127 248 3180 Deos.
260 3125 344 3178 Theb.
356 3128 404 3192 ΙΙΙ,
414 3145 439 3178 v.
450 3125 502 3177 663
514 3147 520 3176 2
535 3123 625 3192 «Quid
637 3141 677 3175 me
723 3129 808 3182 labere
821 3129 905 3179 uittas.
921 3127 996 3178 More
1009 3127 1100 3179 Graeco
1115 3145 1226 3180 accuse·

173 3208 260 3260 Persei
278 3220 379 3259 secreta
397 3205 430 3258 ad
449 3205 565 3258 eulmina
578 3205 677 3256 montis
721 3209 804 3262 sivum
814 3209 912 3280 posuit.
923 3205 951 3258 lsl
963 3218 1001 3258 est
1010 3245 1018 3272 ,
1028 3225 1166 3277 nunquam
1174 3209 1227 3260 vio-

172 3288 213 3338 lre
226 3284 311 3356 gradu
324 3285 440 3357 trepido,
451 3284 678 3356 Superurnqueir·
721 3289 846 3342 labuntur
857 3287 926 3340 vittte
936 3301 1010 3338 tues
1023 3287 1107 3356 palea.

173 3383 298 3436 ruotpere
319 3378 416 3431 coesus,
437 3364 554 3434 Egistisi
570 3387 581 3410 s
600 3361 678 3414 Silius
759 3368 818 3420 512.
832 3366 872 3420 Sis
883 3365 972 3437 felix,
987 3383 1157 3439 numeroque,
1175 3379 1224 3419 etc.
1307 3373 1311 3381 '

173 3444 278 3498 ltelicus
294 3442 340 3494 lib.
361 3444 386 3508 l,
407 3463 432 3495 v.
453 3443 521 3495 123:
538 3466 549 3490 ι
567 3443 615 3494 Ast
634 3441 678 3492 ubi
723 3451 787 3518 Reg.
804 3445 929 3510 Bhabet,
948 3445 1000 3498 Sed
1014 3445 1103 3516 felis,-
1121 3449 1225 3518 lieg.C

175 3527 295 3596 quesitas
309 3525 372 3576 artis
385 3523 417 3574 tle
430 3541 503 3574 more
517 3534 622 3574 vetusto
636 3524 679 3571 ln·
722 3539 840 3579 nostram
855 3523 913 3575 lect.
929 3527 975 3576 En.

174 3607 251 3656 travit
269 3618 369 3655 mentes
390 3605 527 3675 Superum.
551 3603 679 3653 sNoster
760 3604 820 3669 514.
846 3603 1004 3655 Jamdudum
1031 3603 1148 3675 trepido,
1176 3616 1226 3656 etc.

174 3684 258 3736 Theb.
272 3687 321 3750 lli,
331 3702 355 3735 v.
370 3685 423 3737 550
437 3705 443 3734 r
457 3705 469 3730 s
481 3682 550 3736 coelo
564 3695 678 3736 mentem
724 3683 798 3733 Hanc
810 3683 982 3734 mutationem
994 3681 1074 3734 eflicit
1085 3685 1111 3733 in
1124 3683 1227 3736 vatibus

174 3767 326 3818 insertasse.
339 3787 351 3812 s
724 3758 897 3824 islworesptie.

213 3845 273 3916 509.
291 3846 451 3917 Lauriqeros.
465 3842 495 3893 ld
514 3855 565 3908 est,
577 3842 681 3914 Apolli·
761 3841 821 3893 515.
837 3839 932 3892 Deum.
952 3837 1110 3909 Apollinem.
1130 3867 1166 3879 -
1184 3841 1229 3890 Is·
1269 3866 1271 3874 .

176 3942 250 3976 neos.
261 3955 297 3964 —
307 3926 392 3996 Ipnes.
401 3925 522 3976 Furores.
538 3923 583 3975 Vel
597 3925 681 3995 respi·
726 3930 887 3992 trautemque
897 3918 992 3970 Deum.
1005 3918 1076 3968 Deus
1085 3916 1181 3968 dicitur
1192 3917 1231 3968 iu·

178 4006 213 4056 cit
228 4003 300 4057 adid
316 4006 387 4077 quod
399 4005 467 4058 inira
482 4005 560 4066 dicit,
573 4025 596 4055 v.
611 4005 679 4056 520:
727 4013 805 4066 trare,
815 3999 978 4066 utinsidere,
988 4001 1133 4070 irrumpere
1142 4001 1229 4069 (llost.

179 4083 448 4136 sThuriierasmodo
461 4083 575 4138 consulit
588 4085 681 4135 anxius
726 4080 812 4134 Theb.
832 4081 869 4149 ΙΙ,
891 4081 956 4147 34η
974 4082 1073 4132 Lucan.
1093 4082 1130 4144 V,
1154 4078 1231 4150 ¹67.)

178 4164 577 4236 aras,Flsmmsrumquoapiees
585 4165 680 4235 raph.-
725 4163 865 4235 possidere,
876 4161 998 4233 implere,
1016 4156 1180 4223 inhabitare,
1192 4159 1233 4209 iu-

176 4243 259 4309 Nam,
268 4257 297 4296 ut
305 4243 501 4297 observavimus
510 4242 543 4295 aul
552 4245 585 4296 ΙΙΙ
595 4243 681 4296 Theb.
727 4240 811 4294 colere
822 4253 918 4294 votem.
931 4239 977 4292 Sil.
988 4237 1070 4291 tutte.
1082 4239 1173 4290 Punic.
1184 4237 1233 4302 ΙΙΙ,
1346 4299 1348 4304 Α
