3272 5166
623 583 766 648 uteru
789 583 830 648 x.
1186 587 1252 653 305
1342 563 1346 578 ‘

248 705 382 776 Pellunt
392 729 473 775 saxu
484 707 558 776 looo
570 732 578 772 ι
591 731 670 801 pers
681 707 725 776 ad
737 707 868 801 fastigio
879 687 998 779 missus

225 859 228 864 ,
249 816 411 886 Exultant
421 815 560 886 haesisse
571 817 679 904 faces3
692 842 771 912 pars
784 822 851 888 ima
862 818 1052 903 lacessunt,

249 935 514 1026 scrutanturque
525 953 624 1000 cavas
636 955 723 1000 coeca
735 931 906 1004 testudine
918 949 1038 1002 turres.
1202 949 1254 1004 530

296 1047 339 1109 At
349 1043 461 1136 Tyrii,
476 1064 552 1136 quoe
564 1040 635 1111 sole
647 1039 870 1136 salus‚caput
880 1066 982 1110 omne
994 1060 1157 1112 coronent
1278 1122 1283 1133 Ι

250 1159 448 1236 Mororum,
462 1155 644 1249 nigrasque
657 1152 774 1236 sudes,
788 1168 822 1220 et
833 1151 944 1221 lucida
955 1152 1045 1222 ferro
1161 1139 1163 1144 ⁵

251 1264 403 1360 Spicula,
417 1279 450 1334 et
461 1289 598 1334 arsuras
610 1263 681 1334 celi
693 1287 755 1359 per
765 1266 880 1332 inania
891 1261 1048 1356 glandes,

224 1505 303 1559 1528.
322 1503 434 1558 Pellnnt
443 1525 506 1559 sora
519 1505 592 1560 loeo:
604 1525 665 1578 pars
674 1505 710 1558 ad
754 1517 794 1558 est
803 1504 962 1577 appellatus.
973 1507 1035 1558 liaeo
1046 1505 1168 1561 machina
1178 1510 1258 1562 etiam

200 1585 312 1661 sarepta
324 1587 420 1640 missas.
433 1587 498 1658 fleg.
512 1586 638 1654 hueber,
648 1605 710 1659 pars
755 1587 888 1640 testudinis
907 1587 992 1640 forma
1014 1601 1168 1640 constructa
1191 1604 1258 1643 erat.

204 1665 359 1740 adfertiqia
371 1667 470 1732 missos,
486 1680 513 1718 ct
527 1686 606 1738 supra
621 1685 710 1720 corre·
753 1665 1259 1722 Eratettestudocontinuatascutorum

205 1761 293 1812 ctum,
307 1749 404 1800 missas.
422 1749 470 1799 En.
754 1763 834 1815 supra
853 1746 942 1816 capita
955 1759 1049 1798 crates.
1068 1747 1139 1800 Caeea
1152 1747 1259 1814 dicitur,

241 1825 302 1896 529.
309 1824 542 1880 Enrltanthoesisse
541 1825 624 1897 faces.
630 1825 711 1879 Exul·
754 1823 796 1875 vel
804 1825 867 1895 quia
877 1823 999 1876 homines
1008 1827 1036 1876 in
1047 1843 1076 1877 ee
1085 1824 1261 1880 includuntur

206 1916 265 1958 tant
277 1907 355 1959 existe
366 1905 459 1958 Behot.
476 1924 499 1972 r,
513 1905 656 1958 Exnrltont
668 1906 711 1958 he·
755 1922 846 1956 muros
855 1904 1012 1970 suffossum,
1022 1905 1062 1956 rel
1073 1907 1261 1976 quiuncscitur

204 1986 270 2038 sisse
290 1983 383 2038 Behot.
404 2001 429 2036 a.
449 2015 485 2024 -
505 1985 612 2037 Iloest‘sse
627 1985 710 2056 faces.
757 1983 790 2035 ab
806 1981 935 2050 obsessis,
950 2000 1001 2054 qua
1014 1997 1089 2055 parte
1101 2003 1193 2038 murus
1205 1988 1261 2040 suf-

204 2065 710 2138 Hoereruverbumiuhucrepmprium,
756 2061 885 2116 fodiatur.

207 2145 712 2220 quumtelamlssilia‚praecipueignife-
793 2141 855 2195 531.
873 2142 910 2194 Ar
927 2139 1015 2213 Tyrii,
1033 2158 1091 2214 quoe
1104 2140 1159 2195 tolo
1174 2142 1259 2210 solus,

205 2243 249 2292 ra,
267 2227 318 2279 lise
336 2239 415 2294 sunt,
436 2239 462 2278 et
483 2243 537 2296 quo
556 2227 711 2293 mittuntur,
755 2233 836 2293 caput
848 2240 927 2274 omne
938 2233 1074 2274 coronant.
1089 2222 1152 2295 Reg.
1171 2224 1205 2292 B,
1219 2225 1262 2276 Ad
1356 2277 1360 2287 ,

206 2304 477 2377 comprehenderunt.
488 2305 542 2357 Lir.
551 2303 596 2356 lib.
606 2304 712 2370 xxvu,
757 2303 833 2374 Tyrii
842 2303 956 2375 prebet,
966 2315 992 2354 et
1001 2321 1083 2374 supra
1096 2317 1261 2371 correctum,

208 2387 335 2438 «Haesere
349 2386 438 2436 omnia
453 2383 507 2436 tela
520 2383 593 2436 haud
610 2383 712 2438 difficili
756 2382 792 2436 Ar
807 2384 890 2454 Tyrii.
909 2386 956 2436 En.

206 2466 516 2537 eapropinqnointnntu
525 2466 712 2536 corporalem,
792 2463 854 2517 532.
873 2464 1030 2537 Niqrasque.
1046 2463 1197 2517 Semiustas.

207 2557 234 2596 et
245 2557 299 2597 tarn
310 2543 430 2596 conferta
443 2543 553 2596 turbe·
567 2545 630 2596 Tae.
643 2545 710 2596 Hist.
794 2542 854 2596 533.
874 2545 911 2597 Et
922 2561 1025 2597 arsurus
1037 2543 1095 2596 coelr‘
1108 2563 1156 2616 per
1170 2545 1262 2597 inania

206 2625 252 2687 w,
268 2624 316 2676 23:
337 2645 349 2669 ι
359 2625 422 2676 Post
436 2621 482 2675 uhi
502 2621 628 2695 pleraque
643 2621 713 2674 telo·
755 2621 1263 2696 plaudes.Tantusfundaeimpetusfuis·

205 2721 267 2754 rum
287 2700 403 2754 turribus
422 2703 565 2774 pinnisque
585 2703 711 2754 moenium
757 2720 785 2754 se
798 2700 904 2765 dicitur,
919 2717 950 2753 ut
961 2699 1037 2772 glans
1050 2719 1117 2771 saepe
1131 2699 1262 2772 liquesce-

206 2784 282 2836 irrita
295 2779 438 2835 herebant.
449 2805 461 2830 ο
756 2794 796 2831 ret
804 2782 831 2832 in
839 2780 928 2832 medio
937 2777 1061 2832 cursuld
1070 2793 1261 2834 testanturnon

244 2861 305 2916 ⁵30.
326 2863 399 2915 Coeoa
413 2863 546 2916 testudine.
565 2861 712 2914 Sullossuri
756 2860 842 2913 solum
855 2861 953 2913 Noster
964 2858 1021 2920 hic,
1035 2858 1081 2910 sed
1096 2871 1122 2912 et
1134 2860 1262 2928 Ovidius,

206 2942 711 3016 moeniaautturreaurhis(Caeseraqe·
755 2941 880 2992 Lucanus
894 2951 920 2990 et
930 2938 1056 3008 Virgilius
1073 2938 1119 3009 qui
1132 2940 1191 2992 En.
1208 2941 1261 3006 lX,

207 3041 235 3076 re
243 3021 378 3076 cuniculos
385 3022 449 3073 dicit
458 3040 525 3094 quos
537 3021 624 3073 Miner
633 3039 711 3072 voca·
757 3017 809 3071 586
819 3030 845 3069 et
855 3035 929 3088 seqq.
944 3016 1124 3070 «Stridentem
1136 3019 1261 3085 fundam,

206 3101 296 3174 tuus),
309 3101 454 3154 utebantur
462 3099 614 3154 testitudine
624 3101 712 3153 fronte
756 3097 850 3169 positis
864 3098 1007 3148 Mezentius
1026 3094 1124 3161 hastis,
1141 3097 1202 3169 lpse
1220 3111 1260 3152 ter

205 3177 713 3256 triquetra‚utmissoineamtela,dum
757 3175 1261 3247 adductecircurncaputessithnbenn

206 3265 235 3316 in
245 3259 345 3332 angulo
357 3259 503 3312 consistere
515 3277 569 3309 non
584 3269 711 3328 possunt,
756 3259 789 3310 Et
809 3256 894 3308 media
910 3255 1014 3309 adversi
1031 3255 1177 3327 liquefacto
1192 3271 1261 3311 tem-

206 3361 256 3416 per
266 3341 347 3393 latera
360 3337 523 3402 laberentur,
534 3349 561 3389 et
572 3338 712 3406 rejiceren·
756 3355 823 3408 pern
831 3335 942 3407 plumbo
950 3334 1062 3402 Dillidit,
1070 3354 1101 3387 ec
1110 3335 1194 3390 multa
1201 3357 1262 3409 por·

205 3435 259 3474 tur.
267 3421 297 3472 ln
305 3438 336 3472 ea
346 3417 468 3470 machina
478 3416 625 3488 comparati
636 3429 712 3466 erant
758 3430 858 3469 rentum
878 3414 996 3468 extendit
1011 3434 1100 3468 arena.
1111 3440 1123 3464 ι
1139 3418 1261 3470 Affirmat

207 3503 242 3556 ad
262 3498 419 3552 fodiendum
441 3496 573 3549 homines.
594 3497 711 3566 Hujuscs
757 3498 837 3549 etiem
848 3493 1163 3566 Lucretiusl’hilosophis
1176 3515 1260 3550 annu·

207 3580 335 3635 machine
348 3578 556 3648 descriptionem
567 3575 625 3628 ride
638 3573 711 3645 apud
758 3573 910 3638 merendus,
916 3572 988 3645 apud
996 3575 1145 3644 quem‚Vl‚
1154 3591 1258 3648 177,sq.

206 3661 355 3716 Vitruvium
367 3657 412 3709 lib.
426 3657 466 3721 X,
479 3675 538 3728 cap.
554 3671 594 3707 πο.
605 3653 672 3706 Vide
686 3667 713 3706 et
759 3679 771 3702 ι
781 3654 907 3706 Plumbett
920 3670 982 3706 tero
995 3653 1165 3706 Clausetiam
1178 3654 1261 3726 longo

208 3741 376 3794 Ammianom
392 3733 536 3788 Marcellin.
551 3733 598 3786 lib.
611 3734 711 3797 xxm,
758 3753 837 3787 eursu
848 3731 978 3786 volvendo
993 3732 1149 3803 liquescit·
1164 3735 1210 3788 His
1221 3753 1262 3787 ao·

209 3823 255 3894 qui
267 3817 349 3872 tradit
363 3819 473 3870 arietum
493 3812 712 3866 machinamentis
757 3812 829 3866 cedit
847 3825 872 3864 et
888 3812 987 3864 Seneca
1001 3811 1180 3883 Philosophus
1198 3816 1260 3868 Not.

207 3897 408 3966 crebritatsjatn
417 3891 564 3966 despectis,
575 3889 713 3944 conditam
757 3895 856 3962 Quest.
872 3892 917 3944 lih.
937 3894 975 3958 ll,
995 3893 1084 3944 suere
1105 3906 1207 3960 motus,
1224 3897 1262 3946 nit

209 3977 361 4033 machinam
373 3973 548 4046 scriptoribus
563 3985 588 4024 et
604 3970 714 4024 histori-
756 3973 815 4035 ille,
826 3985 964 4038 extenuet,
976 3987 1001 4026 et
1009 3977 1160 4026 extenuatio
1168 3993 1262 4029 arcen-

207 4061 247 4114 eis
259 4071 367 4122 notam,
380 4073 459 4127 quarn
470 4051 618 4125 Helepolim
630 4051 713 4103 Greci
758 4052 810 4117 dit;
820 4056 858 4105 sic
869 4054 992 4124 liquescit
1002 4071 1111 4105 excussu
1119 4053 1195 4124 glans
1204 4056 1262 4106 fun-

207 4133 450 4208 oognominabaut:
469 4135 544 4204 eujus
561 4150 643 4203 opera
660 4132 714 4183 De·
758 4130 807 4198 da,
822 4147 848 4184 ct
862 4135 953 4185 attritu
973 4135 1040 4184 neris
1054 4132 1126 4184 velut
1145 4135 1206 4203 igne
1221 4133 1263 4185 di-

208 4219 320 4272 rnetrius
328 4216 455 4286 Antigoni
465 4211 636 4266 liliusilhodo
644 4211 714 4263 aliia-
758 4212 871 4266 stillat·
892 4212 1082 4265 Verumtamen
1103 4229 1263 4283 magnorum

208 4318 264 4372 que
273 4297 385 4352 urbibus
396 4291 716 4368 expurgnutisPoh'or-cetet
759 4292 865 4344 testium
875 4309 958 4364 paee,
968 4304 1074 4343 necnon
1086 4291 1155 4343 lusti
1166 4291 1265 4362 lipsii,

304 4387 371 4452 Ill.
1079 4401 1121 4445 ao
