3272 5166
409 539 474 623 274
647 537 681 600 Ρ.
709 537 742 599 P.
770 537 922 600 sTsTtt
946 539 1220 611 TttEttAtuos

455 665 631 730 Exanimat
644 688 650 728 :
664 677 765 754 pavet
776 664 885 730 omnis
897 687 993 754 ager,
1007 689 1227 762 respersaque
1239 669 1355 740 cultris

453 772 620 856 Arbor,et
632 775 763 840 attoniti
775 797 914 839 currum
928 797 1063 842 erexere
1074 775 1198 846 leones.
1404 797 1451 866 ¹7⁵

500 888 647 951 Ventum
657 883 700 950 ad
710 881 841 950 concilii
852 883 1039 975 penetrale,
1053 886 1261 986 domumque
1271 893 1451 962 verendam

453 999 630 1090 Signorum
640 1047 649 1076 ‚
661 996 792 1084 magnis
804 993 861 1060 uhi
874 992 1004 1062 dudum
1016 995 1167 1068 cladibus
1179 1023 1281 1093 aeger,

453 1113 578 1174 Rerum
591 1124 738 1174 extremo
750 1129 905 1190 movens,
919 1107 1043 1176 frustm
1054 1109 1222 1181 consultat
1233 1113 1404 1184 Adrastus.

453 1221 547 1287 Stant
558 1220 685 1287 circum
698 1215 798 1286 subiti
811 1233 983 1310 proceres,
996 1223 1189 1318 utquisque
1201 1241 1352 1318 peremto

453 1333 690 1408 Proximus,et
702 1331 833 1422 magnis
843 1328 916 1398 loca
928 1329 1078 1401 desolata
1089 1348 1228 1404 tuentur
1403 1351 1451 1404 tto

405 1545 616 1620 Suoquineosque
633 1543 720 1617 quatit
738 1545 834 1610 enites,
855 1559 905 1596 etc.
951 1549 1083 1618 precipue
1099 1550 1223 1600 vossium
1245 1547 1277 1601 de
1300 1547 1450 1602 Idololatria

405 1631 469 1700 Reg.
484 1628 505 1680 G
523 1639 639 1679 nostram
654 1624 714 1676 leot.
732 1625 780 1676 En.
792 1627 907 1678 -Satr·
950 1624 996 1677 lib.
1010 1629 1029 1677 l.

404 1710 562 1780 quietemque
578 1715 645 1757 rotat
660 1706 749 1756 crines.
766 1705 908 1757 iactabant
991 1705 1047 1775 176.
1070 1705 1185 1758 Ventum
1199 1707 1234 1758 ad
1250 1707 1358 1761 concilii
1370 1725 1451 1777 pene-

406 1790 485 1840 etiam
496 1789 584 1859 capita
596 1783 732 1837 furibundi
741 1784 822 1850 Gelli,
835 1785 907 1856 quod
951 1783 1032 1851 troie,
1050 1783 1207 1858 domumque
1223 1785 1367 1838 vei-eudem.
1383 1784 1451 1838 Ven-

404 1867 539 1920 iaciebant
547 1868 624 1919 etiam
634 1865 847 1917 adimitutionem
858 1865 906 1937 Cy·
952 1873 1007 1912 tum
1026 1863 1061 1914 nd
1077 1853 1181 1915 consilii
1198 1863 1302 1916 Behott.
1323 1881 1352 1926 t,
1374 1879 1398 1916 a.
1419 1893 1451 1905 --

405 1949 492 2014 heles,
507 1965 587 2020 quatu
600 1945 734 1999 Diodorus
748 1947 784 1996 ait
797 1943 843 1996 lib.
857 1945 906 2010 tlt,
951 1943 1176 2014 {tractationem
1188 1945 1269 2015 Regg.
1280 1942 1335 1996 Bet
1347 1943 1368 1995 C
1380 1943 1451 1996 esbi-

404 2041 515 2100 propter
541 2026 636 2078 amoris
663 2025 853 2096 impatientiam
880 2038 907 2074 et
951 2019 1023 2072 beot.
1047 2021 1106 2073 Vid.
1127 2023 1271 2074 Excursum
1296 2021 1330 2074 ad
1352 2023 1451 2076 calcem

406 2126 560 2174 merorem,
580 2107 670 2158 furore
691 2117 858 2174 correptam,
879 2105 905 2154 in
952 2099 1008 2171 huj.
1023 2101 1069 2153 lib.
1090 2103 1137 2152 Eo.

406 2207 484 2260 agros
496 2189 654 2250 ercurrisse,
668 2197 747 2256 atque
759 2183 795 2234 ibi
808 2184 906 2248 solam,
992 2182 1451 2256 179.Stontcioetsmsubitip‘rooeres,

405 2268 511 2320 diffusis
521 2263 636 2337 capillis,
646 2262 749 2315 ululatu
757 2274 782 2313 et
790 2264 907 2333 tympani
952 2271 982 2312 ul
995 2263 1102 2335 quisque
1114 2274 1237 2335 peremto.
1250 2264 1313 2334 lieg.
1327 2265 1346 2315 B
1358 2263 1452 2331 bubet‚

405 2349 515 2418 strepitu
531 2348 680 2399 universam
698 2341 847 2413 implevisse
862 2360 907 2393 re·
951 2340 979 2392 S.
1000 2358 1023 2391 c.
1047 2360 1066 2392 s.
1088 2361 1116 2413 p.
1141 2353 1170 2393 ut
1192 2342 1300 2416 quisque
1319 2356 1451 2418 peremta,-

405 2431 520 2499 gionem.
534 2423 701 2496 Lampridius
716 2420 906 2491 Heliogabalo:
952 2420 1014 2490 lieg.
1030 2423 1050 2474 C
1063 2435 1181 2473 nostram
1194 2420 1255 2472 lect.
1268 2423 1315 2474 Eo.
1324 2452 1360 2463 -
1370 2421 1454 2475 sotto·

410 2509 542 2560 «lactarit
557 2517 636 2576 caput
650 2505 719 2554 inter
730 2505 854 2573 praecisos
868 2503 908 2554 fa·
950 2515 1074 2570 proceres.
1093 2492 1289 2568 Tumultuurii,
1304 2504 1348 2574 qui
1360 2501 1451 2574 paullo

407 2589 523 2651 anticos,
533 2599 559 2638 et
569 2585 657 2636 omniu
668 2584 744 2648 fecit,
755 2599 811 2654 qum
819 2583 908 2634 facere
952 2590 1013 2630 ante
1026 2579 1131 2631 fuerunt
1144 2581 1248 2652 privati.
1261 2581 1343 2647 Novi,
1358 2594 1387 2632 ut
1398 2583 1452 2634 Lu·

408 2667 501 2720 solent.
514 2691 524 2712 ι
540 2695 573 2706 -
585 2667 684 2716 Lucan.
697 2661 786 2713 Phars.
800 2664 825 2726 1,
840 2661 905 2713 5⁶6:
952 2662 1090 2710 seriosius
1101 2678 1153 2713 non
1163 2661 1240 2714 subiti
1250 2660 1380 2714 clinicum
1390 2679 1452 2714 cura

408 2769 419 2791 a
430 2748 585 2815 crinemque
598 2755 715 2793 rotantes
730 2742 907 2809 Sanguineum
952 2753 978 2790 et
988 2739 1101 2792 consilio
1112 2743 1207 2792 sensim
1217 2744 1302 2814 parati
1312 2755 1357 2792 aut
1369 2745 1452 2808 enati,

405 2823 513 2898 populis
523 2821 658 2875 ulularunt
673 2820 756 2872 tristia
771 2817 859 2870 Galli·
873 2813 907 2868 ad
952 2818 996 2870 lib.
1007 2821 1053 2884 Vl,
1064 2839 1101 2872 ra.
1110 2821 1169 2874 260.
1182 2822 1214 2874 lit
1223 2823 1363 2875 sicsttbitus
1371 2822 1454 2874 rtto-

406 2923 485 2976 quem
508 2899 692 2953 illustrandum
714 2900 796 2949 nostri
818 2896 907 2947 locutu
952 2896 1054 2964 domos,
1072 2918 1165 2952 recens
1181 2901 1208 2951 in
1222 2900 1310 2952 iocum
1324 2901 1453 2972 Amphia-

406 2983 514 3036 udduxit
526 2984 700 3034 Burmannus.
718 2977 764 3028 Eo.
953 2978 992 3026 rai
1007 2975 1105 3029 electus
1120 2991 1166 3029 aut
1183 2980 1307 3044 veniens,
1320 2977 1368 3031 lib.
1381 2981 1454 3048 vltt,

452 3063 509 3132 174.
536 3059 699 3114 Exanimnt:
724 3066 804 3129 ponet
826 3055 909 3107 omnis
953 3075 989 3109 vs.
1005 3057 1066 3110 365.
1087 3060 1215 3111 neusin.

406 3163 476 3218 aper,
484 3159 644 3214 respersaque
651 3137 748 3190 cultris.
757 3135 841 3188 Codd.
851 3136 908 3186 Lin-
991 3137 1048 3188 tiio.
1069 3137 1136 3187 Loco
1153 3135 1269 3190 desolato
1283 3148 1388 3189 tuentur
1404 3139 1452 3190 tte-

406 3224 558 3294 denbrogii:
579 3237 739 3292 respersaque
756 3215 859 3267 cultrix.
873 3245 908 3254 -
950 3214 1031 3286 pibus.
1047 3213 1075 3266 id
1092 3229 1146 3282 est,
1162 3216 1276 3287 spoliato
1293 3235 1340 3270 seu
1354 3217 1451 3270 relicto.

405 3307 480 3360 Hanc
490 3303 631 3356 lectionem
641 3296 727 3350 Codd.
737 3297 818 3366 ileqtg.
827 3295 908 3347 BetC
952 3295 1088 3348 Desolatus
1103 3296 1232 3367 siquidem
1244 3295 1366 3361 pov-lde,
1384 3299 1453 3352 solus

406 3385 538 3438 exhibent.
549 3385 596 3434 En.
611 3410 647 3420 —
661 3381 788 3450 Resperso.
804 3375 907 3427 Polluta
953 3374 1064 3426 relictus.
1074 3377 1137 3427 Tac.
1151 3377 1219 3428 Anu.
1233 3377 1260 3442 l,
1273 3395 1295 3428 c.
1309 3376 1358 3430 30:
1373 3378 1453 3428 ..Mox

407 3455 908 3534 sanquine,quemiureuslaniatocor·
952 3451 1087 3506 desolatus
1115 3451 1226 3506 aliorum
1255 3452 1450 3508 discessione...

406 3564 471 3616 pore
487 3563 535 3598 suo
547 3540 663 3602 inderet,
676 3550 706 3588 ut
717 3539 788 3604 Virq.
805 3532 906 3585 AEneid.
952 3532 1021 3586 idern
1033 3535 1078 3587 lib.
1088 3534 1151 3600 ΧΠ,
1161 3553 1219 3605 eap.
1232 3536 1279 3587 ²6:
1294 3533 1453 3588 dissuimus

404 3627 480 3692 Vni,
494 3623 562 3689 645,
577 3619 688 3690 -Sparsi
703 3616 831 3668 rorabunt
846 3633 907 3666 san·
951 3615 1088 3685 paullatim
1101 3617 1179 3668 etium
1190 3614 1327 3668 servilibus
1337 3617 1454 3667 ministe-

405 3706 485 3776 guine
498 3717 598 3772 vepres.
610 3721 620 3743 ι
642 3697 769 3747 Lscrsnr.
952 3697 1027 3746 riit.·
1042 3695 1132 3764 virgil.
1146 3697 1203 3748 AEu.
1218 3695 1265 3748 lib.
1280 3697 1332 3760 xi,
1344 3713 1367 3746 r.
1384 3696 1451 3764 870:

445 3781 501 3850 ¹7⁵·
521 3779 609 3830 Arbor.
627 3777 720 3840 Pinus,
738 3791 796 3846 que.
811 3774 907 3828 colitur
954 3777 1140 3846 uDisjectique.
1163 3773 1263 3839 duces,
1287 3771 1453 3844 desolatique

405 3864 432 3913 in
451 3860 532 3914 socris
552 3857 642 3909 Matris
660 3856 764 3921 Deum,
784 3853 833 3905 sub
854 3874 904 3930 qun
952 3855 1022 3905 mani
1042 3852 1093 3904 tt..
1110 3853 1191 3919 ibid,
1204 3853 1271 3922 357:
1287 3863 1348 3904 ssat
1359 3851 1452 3905 iunera

407 3941 486 3992 'antiit
498 3939 579 3999 Attis,
596 3937 675 3986 Matri
687 3938 771 3988 Deum
783 3935 904 3988 dilectus.
951 3935 1003 3986 iusi
1016 3873 1153 4000 didimus,
1169 3935 1289 4005 ingentes
1304 3945 1330 3982 et
1348 3929 1453 3984 desola-
1510 3983 1512 3995 ,

402 3965 531 4070 bscrlsr.
541 4045 572 4056 -·
582 4015 617 4066 Ei
626 4015 731 4068 attoniti
739 4031 841 4068 cunum
852 4033 907 4066 ere-
952 4013 1036 4065 vimus
1048 4029 1123 4082 agros
1133 4034 1139 4061 r
1149 4034 1160 4057 n
1173 4011 1276 4063 colonis
1287 4007 1409 4062 videlicet
1419 4007 1452 4061 ad

404 4116 464 4150 rere
478 4096 571 4148 leones.
586 4095 685 4147 Currus
700 4094 778 4147 ttheae
795 4113 841 4146 scu
854 4096 906 4166 (1]-
951 4089 1051 4143 bellum
1065 4090 1194 4142 abductis.
1208 4089 1257 4142 Cui
1270 4107 1380 4162 compar
1392 4107 1453 4141 seu-

404 4173 477 4230 beles
491 4173 644 4228 trahebatur
662 4193 676 4226 o
695 4172 825 4226 leonibus.
841 4172 907 4226 Vide
951 4172 1031 4222 tentio
1042 4171 1144 4242 Papinii
1155 4166 1373 4222 nostrinebaid.
1383 4169 1417 4232 V,
1427 4186 1451 4217 s.

406 4251 552 4304 Diodorum
562 4251 692 4310 Siculum,
708 4249 868 4302 Arnobirtm.
881 4265 906 4302 et
951 4247 1022 4318 914,
1048 4247 1190 4301 sDelectss
1213 4249 1256 4299 oui
1276 4245 1453 4299 desolavimus
