3264 5166
388 537 449 611 rut
620 533 655 595 P.
682 533 718 594 P.
745 526 899 594 STATII
925 525 1203 592 THEBAIDOS

430 658 754 746 Pontus‚etexalto
765 660 898 727 miserae
908 657 1181 726 noverecnrinae.
1270 691 1274 700 ·

478 780 577 844 Tunc
584 767 1001 866 priordonidee(vulidum
1012 765 1113 836 simul
1121 764 1384 856 elicithastnm):
1404 781 1438 852 9⁵

437 919 450 950 a
463 892 539 957 Non
550 884 657 981 pudet
667 883 730 953 hos
742 888 877 968 Manes,
891 881 965 952 haec
975 882 1176 950 infamantia
1186 879 1317 952 bellum

432 1005 582 1079 Funera,
593 1001 653 1066 Die
664 1018 796 1079 eoram,
808 1011 844 1064 et
853 993 937 1064 calo
948 995 1160 1087 inspectante
1171 995 1282 1061 tueri?

432 1107 563 1178 Scilicet
573 1109 728 1201 egregius
741 1104 846 1176 sudor
857 1103 1145 1199 memorandaque
1156 1105 1273 1171 Virtus

434 1227 530 1292 Hanc
540 1218 711 1290 tumulare
723 1219 847 1289 feram!
862 1242 906 1286 ne
917 1241 988 1287 nou
1000 1216 1220 1287 maerentibus
1231 1222 1339 1308 Argos

276 1527 280 1538 1
382 1462 457 1536 fitqit
472 1463 525 1536 ipse
541 1463 667 1535 ripentem
684 1459 778 1525 haben
795 1461 893 1532 QG
936 1478 999 1512 vera
1010 1460 1132 1531 ponitur,
1146 1471 1175 1510 nt
1187 1457 1257 1510 inira
1268 1473 1293 1509 r.
1309 1453 1361 1525 139
1373 1457 1441 1526 ejur-

388 1553 507 1595 nostram
517 1540 669 1596 lectionem.
688 1543 735 1594 En.
774 1579 779 1588 .
937 1537 996 1594 dem
1010 1538 1057 1594 lib.
1077 1537 1266 1614 aMrgnoeque
1281 1536 1363 1592 miter
1381 1537 1441 1607 tage

423 1619 893 1692 94.Miseroenoverecarinoe.sonitu
938 1631 1046 1690 tangere
1060 1635 1183 1670 manes.»
1199 1617 1246 1668 En.
1258 1613 1442 1688 -Insaman-

389 1699 518 1753 illisorum
530 1697 670 1752 fluctuum.
939 1697 977 1751 tia
1003 1692 1111 1750 bellum.
1136 1697 1207 1766 Quia
1228 1693 1336 1826 Tpdeut
1357 1695 1442 1765 justat
1529 1741 1531 1744 .

424 1777 468 1848 95.
480 1777 555 1830 Tunc
561 1778 636 1852 prior
643 1775 756 1832 Aonides
763 1773 892 1847 (ualidum
940 1775 1009 1830 ultra
1028 1778 1081 1830 im
1101 1776 1234 1842 uerteret,
1276 1775 1443 1845 omincmque

390 1855 469 1910 simul
485 1855 555 1909 elicit
571 1853 698 1927 horum.)
719 1853 819 1912 :Multi
834 1854 895 1910 libri
941 1869 1059 1910 exueret.
1074 1885 1110 1894 -
1125 1853 1303 1926 Inferuootia.
1318 1853 1377 1906 Hoc
1390 1863 1442 1918 est,

390 1935 460 1988 hunc
470 1937 628 2007 scripturam
637 1930 751 1988 habent:
762 1933 841 1990 simut
849 1933 896 1987 etr·-
941 1936 1050 1988 iniemiu
1062 1931 1179 2007 quadum
1189 1933 1311 1986 notantia
1319 1920 1347 1986 et
1356 1930 1444 1985 tradu-

392 2016 448 2068 cit:
469 2033 532 2067 vera
554 2027 644 2067 temen
664 2014 755 2086 potius
775 2011 896 2080 videtur,
941 2015 1038 2070 centia.
1052 2015 1192 2068 Petronius
1210 2012 1339 2066 Satirico:
1356 2011 1444 2064 «Dum

393 2113 472 2168 qnam
485 2095 565 2147 refert
575 2096 693 2167 optimus
703 2092 803 2149 codex:
815 2092 898 2148 timui
942 2113 1006 2166 ergo
1015 2096 1127 2167 juvenes
1137 2093 1281 2148 iententiae
1292 2090 1395 2160 rident,
1406 2109 1444 2142 or·

393 2175 471 2248 ejicit.
481 2198 493 2222 u
509 2175 605 2226 Binan.
617 2205 653 2216 ·-
664 2173 786 2227 Aonides.
799 2171 831 2225 ld
843 2186 896 2240 eet,
941 2169 1444 2246 diuemquetotiusdictionicinfumtnt,

393 2249 897 2306 Boeorusneutrumne-Eliorum
942 2267 1076 2327 oportune
1100 2252 1214 2308 subduxi
1237 2271 1314 2306 men
1339 2250 1370 2304 Id
1391 2263 1444 2316 eut,

393 2331 658 2404 capititrahiti'eive
668 2333 748 2384 sumit
757 2331 897 2384 trahendo.
943 2335 1127 2401 rubianum,
1149 2331 1309 2400 exsibilatur,
1329 2331 1444 2386 irrident.

393 2413 546 2465 Lactantiuu
561 2413 632 2466 enim
647 2413 684 2464 tic
700 2411 821 2482 exponit:
840 2411 900 2464 aSi·
980 2431 1024 2486 99.
1031 2411 1245 2468 Hauctumuiare
1245 2412 1445 2483 feramiucuon

395 2493 451 2547 mul
464 2507 492 2546 et
504 2493 583 2548 verbu
594 2492 699 2566 profert
710 2505 736 2544 et
750 2493 819 2544 ictus
830 2511 899 2565 prae-
945 2495 1123 2562 moerentibur,
1139 2507 1189 2547 etc.
1202 2495 1287 2566 hung.
1298 2490 1369 2544 Bust.
1382 2493 1446 2544 Dan.

395 2585 474 2645 parat
485 2572 616 2625 Eteocles.
625 2596 678 2619 n·-
688 2571 810 2626 Validam
820 2572 901 2626 timui
945 2576 1034 2626 Petav.
1045 2571 1151 2626 Behott.
1165 2589 1189 2636 r,
1202 2589 1234 2637 a,
1246 2569 1326 2623 Aldd.
1339 2566 1448 2622 Linden-

395 2651 469 2704 eiicit
486 2651 605 2718 hadom,
627 2664 678 2704 etc.
699 2652 858 2724 corruptam
874 2665 902 2705 et
946 2652 1023 2725 brug.
1037 2666 1063 2705 et
1073 2652 1150 2704 Grnc.
1162 2669 1282 2704 necnon.
1297 2672 1310 2697 ι
1320 2649 1447 2722 suspectu

397 2732 467 2788 hauc
477 2735 634 2805 scripturam
644 2731 769 2784 arbitror.
779 2733 853 2785 Libri
862 2753 903 2786 re-
948 2747 1009 2786 sunt
1019 2731 1077 2784 dun
1087 2731 1128 2786 hae
1137 2749 1229 2798 voees,
1240 2731 1302 2804 quie
1313 2729 1448 2783 manifesto

398 2827 466 2866 teret
475 2813 502 2865 in
512 2833 543 2866 eo
554 2811 681 2885 adjuvant
689 2811 762 2886 quod
772 2813 904 2882 referant,
948 2831 1003 2864 non
1013 2811 1083 2864 hene
1095 2811 1140 2865 hic
1153 2824 1263 2877 sonent,
1276 2811 1340 2862 etin
1351 2809 1448 2884 optimo

400 2891 445 2945 hos
454 2909 557 2959 manes,
568 2891 622 2946 hoec
632 2891 796 2962 infamantia
805 2891 904 2945 beilum
948 2891 1018 2945 libro
1030 2911 1085 2945 non
1096 2907 1172 2954 eunt;
1185 2894 1222 2945 tic
1231 2909 1294 2944 vero
1306 2893 1334 2944 in
1347 2909 1379 2944 eo
1391 2889 1450 2943 ecri-

399 2971 516 3039 Funera,
530 2983 688 3043 quaetamen
700 2970 904 3024 mediciuehuio
950 2987 1041 3047 ptum:
1059 2991 1103 3026 ver
1117 2974 1273 3026 merentibus
1291 2974 1388 3050 Arpos,
1403 2983 1450 3026 etc.

400 3068 470 3122 aegro
485 3049 606 3102 nondum
617 3051 699 3104 faciet
709 3055 805 3105 vitain:
821 3069 904 3126 augu-
951 3055 1038 3122 Quam
1049 3051 1169 3106 eamdem
1180 3063 1335 3124 corruptam
1345 3053 1451 3124 scriptu·

401 3147 448 3180 ror
460 3127 617 3200 legendum,
630 3144 656 3182 et
667 3134 718 3183 nisi
729 3144 817 3194 recte,
830 3151 907 3186 cous·
950 3153 1007 3185 ram
1028 3135 1107 3185 etiarn
1125 3135 1153 3184 iu
1173 3131 1230 3185 aliis
1248 3134 1360 3185 minoris
1379 3130 1452 3204 pretii

404 3226 460 3259 earu
469 3207 607 3274 nundino,
620 3213 685 3284 quin
696 3224 778 3262 artem
787 3211 906 3266 divinan-
952 3213 1111 3266 membranis
1119 3209 1246 3274 offendo,
1255 3211 1389 3283 uhieupre
1396 3209 1453 3263 ecri-

404 3284 431 3337 di
440 3288 468 3338 in
477 3300 636 3357 perpetuum
645 3287 764 3340 desinam
774 3311 780 3340 ε
791 3289 905 3342 vatidam
952 3308 1028 3365 ptum
1036 3293 1213 3364 conspicitur:
1225 3291 1253 3344 iu
1261 3291 1369 3344 veritate
1376 3289 1454 3360 tacry-

402 3365 483 3418 simul
495 3365 564 3437 ejicit
579 3365 688 3420 hatum.
701 3367 836 3421 iudicabit
848 3388 907 3421 eru·
952 3371 1070 3426 mandra.
1081 3373 1171 3424 Fuerit
1180 3389 1244 3443 ergo
1255 3371 1356 3443 Papinii
1365 3368 1453 3443 genui·

403 3443 475 3496 ditur
487 3441 579 3496 lector.
601 3445 728 3497 Bruutnr.
953 3471 987 3503 na
1001 3453 1127 3525 scriptio:
1141 3471 1213 3520 vere,
1227 3447 1268 3504 vel
1278 3469 1337 3504 uero
1350 3467 1454 3504 moereu·

441 3524 485 3595 96.
504 3525 541 3576 N.
551 3543 580 3596 p.
592 3525 618 3577 h.
632 3527 671 3578 M.
682 3525 737 3580 iroec
748 3525 907 3598 infamantia
953 3529 1024 3582 tibus.
1049 3530 1132 3604 Arpos
1151 3529 1297 3604 Exequiir,
1322 3543 1374 3582 etc.
1395 3529 1454 3601 quio

406 3602 514 3656 beilum.
527 3602 631 3668 Behott.
647 3622 670 3671 r,
685 3623 717 3673 n,
728 3606 782 3658 duo
795 3606 908 3660 Linden·
952 3627 1048 3682 nempe
1056 3609 1386 3682 uthomoiudeprofectue
1392 3619 1454 3674 erat,

405 3683 547 3756 brogiaui,
570 3683 693 3738 nonnulli
715 3684 805 3738 Barth.
827 3687 907 3740 Aidd.
952 3687 1022 3740 redit
1036 3703 1066 3741 ut
1078 3689 1135 3742 fera
1149 3687 1256 3755 belina,
1268 3687 1397 3760 absorpto
1409 3686 1456 3739 hu·

405 3761 505 3834 Gryph.
516 3763 693 3840 Lindenhrog.
707 3779 733 3818 et
745 3768 849 3820 Gerart.
861 3767 910 3820 hoc
954 3787 1033 3822 mano
1046 3771 1135 3822 cruori
1148 3771 1317 3823 immortuus.
1329 3769 1409 3822 Forte
1420 3778 1455 3819 tn·

408 3841 583 3914 infamantiae
605 3863 674 3898 unus
694 3846 909 3920 lindenbrogio·
954 3867 1014 3900 meu
1025 3848 1130 3922 planius
1141 3871 1147 3902 r
1158 3867 1191 3901 ne
1200 3867 1286 3902 non.»
1299 3850 1395 3902 Boura.
1404 3847 1455 3899 Hoc

407 3940 474 3989 nus,
494 3925 599 3996 optima
617 3925 717 3979 Barthii
733 3927 909 3996 memhrauae,
954 3925 1077 3984 ultimum
1092 3928 1218 3983 exhibent
1231 3931 1336 3982 Gerart.
1349 3923 1454 3980 Amstci.

406 4002 489 4074 hang.
502 4001 601 4056 Buelid.
613 4004 728 4077 lipsien.
739 4005 815 4059 Ceut.
827 4007 908 4060 'saun
954 4007 1071 4062 Gronov.
1086 4007 1177 4062 Barth.
1195 4021 1221 4060 et
1235 4005 1332 4079 Deiph.
1346 4036 1381 4046 -
1393 4007 1454 4076 [ἰεῦ.

406 4079 525 4134 Gronov.
538 4080 625 4136 Barth.
641 4085 763 4138 nonnulli
776 4098 802 4138 et
812 4085 908 4159 Deiph.
954 4092 990 4156 tt,
1003 4092 1167 4146 merentibus
1175 4090 1252 4165 Arpis
1263 4085 1383 4151 exhibete
1395 4087 1453 4154 fleg.

407 4157 460 4210 hoec
472 4159 641 4232 infamantia.
654 4195 689 4204 -
701 4165 763 4219 Non
773 4167 854 4238 pudet
866 4167 911 4220 hos
954 4171 976 4224 C
994 4182 1113 4223 nostram
1132 4170 1284 4222 lectionem.
1299 4168 1346 4220 En.
1361 4195 1396 4208 -·
1411 4165 1453 4216 Fe·

408 4239 506 4292 Manes.
524 4241 583 4294 Vox
596 4241 690 4297 Mones
707 4243 750 4296 hic
766 4264 815 4317 pro
829 4244 909 4300 cada·
956 4267 1020 4305 ram.
1036 4254 1098 4306 Non
1112 4251 1257 4304 hominem.
