3230 5168
537 493 679 558 monn
704 493 807 555 viu.
1137 497 1196 574 trist

199 631 249 692 Ire
260 627 369 716 cupit,
382 638 556 715 pontoque
569 634 694 712 negant
705 616 909 686 descendere
920 620 1027 686 mixti.

245 735 319 804 ibat
332 732 524 802 fumiferam
537 732 691 825 quatiens
704 727 907 798 Onchestius
921 728 997 796 ldas

202 847 370 941 lampada
380 869 442 939 per
453 843 600 927 medios,
612 841 837 936 turbabatque
848 845 984 934 agmina
995 845 1135 912 Graium
1147 898 1155 928 ‚

203 966 282 1053 Igne
292 959 383 1026 viam
394 979 577 1049 rumpens:
591 977 714 1047 magno
727 977 829 1048 quem
840 955 995 1022 cominus
1008 956 1076 1022 ictu

203 1070 337 1164 Tydeos
348 1068 446 1138 hasta
457 1066 702 1150 feri,di'scussa
714 1063 843 1132 casside
855 1063 938 1132 fixit.
1151 1079 1204 1149 470

205 1181 263 1250 llle
275 1177 395 1272 ingens
408 1181 443 1246 in
455 1195 548 1270 terga
557 1174 661 1268 jacet,
675 1190 742 1242 stat
752 1174 862 1242 fronte
875 1193 1047 1266 superstes

205 1297 351 1374 Lancea,
364 1289 522 1384 collapsae
534 1289 675 1356 veniunt
686 1289 721 1353 in
734 1300 887 1377 tempora
898 1283 1055 1352 flammae.

206 1403 424 1496 Prosequitur
434 1399 592 1492 Tydeus:
611 1428 624 1458 a
638 1399 750 1464 Saevos
761 1419 805 1463 ne
816 1394 940 1463 dixeris
952 1403 1074 1488 Argos:

208 1517 287 1605 Igne
299 1527 375 1592 tuo,
387 1509 568 1593 Thebane,
580 1531 702 1601 rogum
714 1505 946 1589 concedimus,
959 1506 1050 1574 arde.
1067 1537 1080 1569 s

251 1621 336 1691 lnde
348 1620 441 1690 velut
451 1622 564 1715 primo
575 1621 670 1712 tigris
683 1620 796 1710 gavisa
808 1641 927 1685 cruore
1158 1633 1210 1702 47⁵

209 1739 268 1802 Per
282 1748 390 1800 totum
403 1734 497 1824 cupit
507 1733 556 1798 ire
568 1753 691 1824 pecus3
706 1729 753 1796 sic
765 1732 860 1795 hona
871 1751 967 1810 saxo,

210 1851 296 1912 Ense
309 1843 473 1926 Pholum,
484 1843 648 1912 Chromin
660 1864 755 1923 ense,
768 1839 854 1907 duos
867 1839 1066 1908 Helicaonas
1077 1841 1175 1912 hasta

210 1962 238 2026 T
237 1958 396 2048 ransigit,
411 1962 518 2048 AEgeae
530 1957 670 2022 Veneris
683 1976 769 2048 quos
781 1955 887 2020 Maera
899 1953 1055 2023 sacerdos

201 2151 259 2218 466.
279 2155 368 2228 Mixti.
384 2153 424 2206 Ne
437 2151 504 2206 alter
516 2154 544 2204 iu
559 2151 668 2206 alterius
712 2168 762 2222 pro
779 2148 874 2202 eodem
887 2148 952 2202 dicit
969 2150 1078 2202 turbiue.
1098 2152 1215 2206 Gronov.

171 2233 405 2285 numeniacurrat.
424 2233 551 2284 Lscrtrr.
749 2231 810 2299 470.
830 2229 948 2282 Diu-rosa
965 2228 1060 2282 casside
1064 2227 1139 2301 fixit.
1158 2233 1217 2285 Pus.

202 2310 260 2380 467.
285 2312 409 2382 Quotiens
430 2310 580 2365 Onchestius
599 2310 669 2362 Idus.
714 2306 830 2379 dispulsa
841 2309 944 2362 casside.

171 2389 332 2444 coaeternus
351 2389 444 2456 Behot.
473 2409 501 2457 r,
527 2388 671 2443 Onchestius
750 2387 812 2458 471,
831 2389 890 2441 Stat
898 2387 991 2458 fronte
1001 2400 1131 2460 superstes.
1143 2392 1219 2444 Unus

170 2465 259 2520 Bnbot.
273 2487 303 2536 s,
320 2468 405 2523 sedin
417 2483 530 2542 utroque
544 2488 559 2520 c
572 2468 668 2521 deleta.
714 2464 806 2518 Behor.
814 2465 907 2536 fronte
917 2477 1069 2540 superstans.

169 2575 204 2584 -
216 2547 375 2601 Onchestius.
392 2547 430 2601 Ex
442 2546 579 2602 Onchcsto
593 2549 670 2600 Boeo·
751 2546 812 2616 473.
832 2547 1002 2619 Prosequitur
1014 2545 1122 2619 Tydeus.
1137 2551 1174 2604 Et
1184 2570 1222 2604 se-

169 2627 209 2678 tiae
220 2627 331 2698 oppido.
716 2625 807 2699 quitur
824 2625 925 2696 Tydeus
942 2627 1010 2678 Dan.
1030 2655 1067 2667 -
1083 2628 1169 2681 Soevos
1189 2649 1222 2683 rte

204 2703 263 2770 468.
276 2707 420 2778 lampada.
432 2705 546 2759 Facibus
557 2704 671 2758 uteban-
717 2705 811 2758 dixeris
821 2704 920 2778 Arpos:
934 2705 1000 2778 lpus
1010 2714 1069 2770 tuo,
1084 2706 1221 2778 Thebane,

171 2795 212 2833 tur
222 2783 332 2836 Veteres
347 2785 374 2835 in
387 2783 498 2856 preliis,
514 2797 543 2837 ut
560 2805 591 2838 ex
608 2785 673 2836 scri·
717 2801 808 2856 ropum
818 2783 1224 2851 concedimus,urde.Quiamor·

170 2861 291 2932 ptorihus
311 2863 446 2916 discimus.
468 2865 567 2917 Noster
586 2862 672 2916 Theb.
717 2878 823 2915 tuorum
838 2881 954 2934 corpora
966 2863 1162 2933 cremabantur,
1175 2885 1223 2920 are-

170 2942 210 3006 X,
225 2939 292 2994 528:
313 2960 397 3012 spara
414 2941 449 2993 ad
464 2943 567 3013 fastigia
581 2943 673 2994 missas
717 2943 979 3013 vitioqueaccusati,
990 2941 1227 3012 quibostiumcor.
1277 2959 1279 2972 ¹

170 3021 307 3075 Exsultaut
318 3020 424 3073 baesisse
433 3023 514 3076 faces.
526 3047 537 3070 ι
549 3023 590 3076 Sic
601 3020 674 3073 Fide·
718 3040 785 3095 pora
800 3019 943 3092 sepulture
958 3018 1084 3073 mandare
1098 3023 1226 3095 prohibe·

169 3111 259 3164 nates,
277 3101 340 3170 quia
354 3117 432 3170 parea
444 3118 499 3152 uon
512 3114 587 3152 eram
603 3100 675 3152 ferro
719 3101 795 3154 bant.

170 3175 205 3228 ad
223 3188 349 3230 terrorem
372 3177 547 3240 movendum,
571 3176 675 3231 facibus
727 3201 734 3214 ·
756 3179 817 3251 474.
836 3179 913 3232 Arde.
927 3179 986 3230 Tuo
1001 3177 1116 3232 tibiteio
1129 3199 1225 3236 conce·

169 3259 281 3324 amati,
295 3269 320 3310 et
331 3256 509 3312 discoloribus
521 3272 676 3332 serpentum
720 3259 808 3313 dimus
820 3259 992 3330 sepulturam.
1010 3260 1139 3312 Lscrsrrr.

170 3338 198 3389 in
209 3337 320 3390 modum
332 3339 417 3402 vittis,
431 3337 522 3391 furiali
532 3358 605 3391 more
615 3358 676 3410 pro·
757 3341 818 3412 476.
829 3341 873 3392 Sic
881 3340 958 3390 Aona
968 3357 1038 3393 saxo.
1048 3340 1124 3392 Unus
1134 3341 1225 3396 Bebot.

169 3430 307 3472 cesserant
316 3431 410 3470 contra
418 3419 567 3483 Romanos,
581 3417 627 3470 sed
638 3431 676 3468 ta·
720 3424 757 3475 sic
770 3425 858 3475 &cua
871 3439 941 3484 squ.

170 3518 234 3551 men
244 3501 318 3566 victi,
329 3512 356 3552 et
365 3519 413 3552 sno
423 3499 484 3570 igno
493 3502 611 3552 cremati.
619 3499 677 3550 Flo·
757 3502 819 3571 478.
839 3503 928 3574 AEqeoe
944 3499 1058 3556 Veneris.
1075 3501 1161 3573 Eqrec
1177 3501 1227 3558 Ve-

170 3597 218 3630 rus
232 3576 278 3631 lib.
293 3580 321 3642 1,
335 3597 394 3649 rap.
410 3595 450 3630 ra.
723 3583 791 3634 ueris
800 3579 892 3633 Rebot.
905 3597 926 3630 r.
937 3581 1008 3651 que
1019 3576 1126 3634 Veneris
1133 3581 1225 3638 Rebot.

208 3658 270 3732 469,
290 3661 478 3730 Mcqucquem
490 3659 677 3712 cominusictu.
725 3682 750 3717 α.
771 3661 850 3737 Apeoe
870 3660 976 3714 Veneris
994 3660 1172 3734 lindenbrog.
1191 3696 1228 3707 -

169 3735 678 3790 Duocodd.Bernartiiwomiuuscctu.
725 3739 1147 3814 AEqeoecheris.llujusVeneris
1156 3762 1229 3795 men·

172 3815 539 3888 -Mapnoqumcomt'nus
549 3817 610 3867 iciu-
620 3816 681 3867 ller-
726 3822 827 3874 tionem
852 3817 953 3871 nullam
977 3819 1042 3871 facit
1065 3821 1227 3876 Pausanias:

169 3895 491 3964 martius‚etBuslidiaous
499 3896 681 3970 code12quem
726 3901 845 3952 meminit
854 3898 941 3951 solum
949 3897 1023 3950 Arere
1033 3910 1059 3950 et
1068 3893 1172 3952 decrero
1181 3905 1230 3954 Ve-

167 3979 321 4032 comminus
336 3989 405 4031 nem,
419 3977 500 4045 Quod
515 3989 584 4030 esset
595 3979 680 4047 agito·
726 3979 810 4043 neris,
825 3995 937 4049 quarum
948 3975 1003 4029 brec
1013 3978 1042 4048 in
1052 3997 1116 4048 agro
1126 3979 1229 4032 Troeze-

169 4059 250 4112 tione
266 4071 293 4110 et
310 4061 424 4128 impetu,
443 4057 522 4110 Silius
534 4055 616 4109 ltalic.
630 4058 682 4109 Pu·
726 4061 787 4124 nio,
800 4057 844 4110 illa
855 4075 917 4109 vero
929 4075 1016 4128 prope
1028 4055 1148 4128 Spartam
1159 4056 1229 4108 cole-

169 4139 229 4191 nic.
255 4139 287 4203 l,
311 4137 360 4204 641
383 4149 409 4190 et
430 4155 485 4208 seq.
512 4154 591 4207 «qua
612 4135 682 4188 mole
727 4135 819 4186 batur:
835 4134 976 4187 lraeautem
991 4131 1070 4184 urbes
1084 4145 1171 4204 partes
1182 4137 1230 4184 Ar·

168 4227 306 4270 sonantes
317 4217 403 4287 Exigit
413 4215 459 4269 ille
469 4213 595 4269 trahetis
612 4214 683 4267 Alibi
727 4217 847 4286 givorum
857 4211 1044 4284 sequebantur.
1055 4212 1103 4262 Hic
1112 4231 1173 4265 vero
1184 4213 1232 4267 filii

274 4309 340 4373 ΙΙΙ.
1052 4328 1090 4368 ro
1197 4310 1200 4320 “
