3196 5158
537 487 679 552 crana
704 489 785 553 vn.
918 525 920 530 -
1142 519 1184 584 79

184 618 419 709 Pracipitsns,
432 610 638 708 tandemque
649 612 834 682 exhaustus
846 614 981 682 turbine
992 616 1098 701 fesso,

184 735 250 798 Aut
261 727 384 798 vallem
395 742 505 809 cavat,
517 741 577 794 aut
587 725 718 794 medios
729 728 900 820 intercipit
911 751 1040 796 amnes.

231 846 306 908 Non
318 861 415 908 secus
426 839 625 933 ingentique
636 840 709 906 viro
721 861 914 934 magnoque
925 857 1084 933 gravatus
1133 857 1183 928 7⁵⁰

184 957 386 1036 remoneo,
400 951 583 1034 hunchuc,
596 975 689 1019 nunc
701 949 760 1019 illo
772 953 807 1018 in
820 955 983 1044 sanguine
995 953 1115 1023 fervet.

184 1067 261 1157 lpse
272 1063 392 1132 sedens
405 1061 496 1146 telis,
509 1063 703 1157 pariterque
714 1063 884 1130 ministrat
894 1059 1035 1131 habenis

182 1173 295 1242 Delius
307 1201 315 1242 ι
327 1176 400 1268 ipse
411 1174 511 1243 docet
517 1173 643 1267 jactus,
655 1173 865 1268 adversaque
876 1173 981 1243 flectit

182 1285 333 1378 Spicula,
344 1286 583 1381 fortunamque
596 1283 700 1353 hastis
712 1284 925 1354 venientibus
936 1287 1058 1356 aufert.

181 1399 384 1466 Sternuntur
395 1413 494 1466 terror
506 1396 657 1466 Mecales
669 1397 789 1489 pedes,
803 1395 971 1492 Antiphus
982 1397 1051 1466 alto
1130 1415 1190 1484 755.

180 1505 236 1574 Nil
247 1507 410 1576 defensus
418 1529 522 1604 equo,
536 1510 737 1602 genitusque
750 1505 947 1577 Heliconide
958 1507 1116 1603 Nympha

181 1616 332 1702 AEffiion,
345 1643 500 1715 caesoque
512 1619 646 1687 infamis
659 1618 762 1686 fratre
774 1617 911 1702 Polites,

178 1731 393 1824 Conatusque
405 1732 486 1796 toris
498 1732 651 1797 vittatam
662 1731 827 1822 attingere
838 1733 956 1797 Manto

177 1842 328 1933 Lampus
341 1867 348 1908 ε
363 1843 398 1908 in
410 1840 503 1908 huno
515 1864 626 1909 sacras
639 1839 783 1908 Phoebus
796 1839 889 1909 dedit
899 1843 972 1935 ipse
984 1842 1131 1934 sagittas.

166 2057 228 2130 748.
237 2059 384 2112 Exhaustus
391 2059 490 2112 orthine
491 2059 634 2132 fersnop-
715 2058 775 2129 755.
795 2059 860 2112 ster.
875 2070 948 2112 tenu
961 2055 1083 2112 Mecales
1093 2061 1178 2133 pedet.

127 2137 211 2190 timna
221 2137 634 2193 Barthianas:exhaustoturht'ne
676 2143 706 2192 ln
722 2137 881 2210 quibusdam
900 2138 978 2192 codd.
996 2153 1023 2191 et
1039 2138 1099 2192 edd.
1115 2155 1177 2194 vett.

126 2214 225 2282 fessum
238 2231 265 2270 et
276 2219 312 2270 ita
323 2231 398 2271 vetus
408 2221 550 2292 interpres.
677 2228 752 2270 tem.
764 2221 833 2270 Dan.
844 2221 931 2270 Patav.
942 2235 1011 2271 unns
1021 2217 1113 2271 Behot.
1123 2239 1178 2272 om·

164 2297 227 2366 749.
246 2295 634 2350 Aurmttemcavat.11utvat-
677 2316 778 2370 nesque
797 2296 946 2362 Brentani,
963 2295 1113 2359 Menalcan·
1130 2300 1179 2350 Be·

127 2373 181 2425 lem
197 2388 294 2428 marat
304 2377 332 2428 in
348 2375 442 2430 eodem
453 2375 542 2429 Barth.
557 2375 634 2428 codi-
677 2375 733 2430 hot.
746 2375 1098 2448 2‚Menates,·1.sng.aldd.
1110 2395 1179 2429 nou-

127 2471 173 2516 eer
183 2453 257 2506 tmtle
267 2453 327 2508 ille:
339 2455 397 2508 Aut
406 2453 501 2508 uallem
512 2473 631 2508 vacuam.
677 2454 742 2507 nulli
752 2469 777 2508 et
785 2453 846 2507 edd.
857 2469 967 2508 recentt.
976 2455 1179 2519 Menalas;hin·

164 2533 227 2602 750.
245 2534 309 2587 Non
325 2553 397 2589 secur
411 2537 563 2609 inpertn'que
576 2535 631 2586 ciro
675 2533 768 2587 denbr.
777 2535 887 2588 etCruc.
898 2534 1029 2589 Mento.
1040 2525 1180 2608 —lleglss

126 2630 278 2687 unaquoque
285 2627 415 2690 praeunte.
429 2617 492 2671 Non
507 2635 577 2670 rectu
590 2618 631 2669 in·
676 2624 702 2664 et
714 2614 749 2679 C,
764 2613 850 2666 Stern.
863 2626 931 2666 term
942 2611 1080 2668 Menalcas
1090 2615 1177 2668 erhih.

123 2694 254 2768 pestique
264 2695 336 2764 Dec,
351 2713 498 2771 magnoque
507 2709 633 2770 procetur
675 2719 710 2732 -·
722 2693 824 2764 Optimi
838 2695 954 2766 quique:
964 2692 1110 2748 Melaneus
1121 2697 1178 2747 Hoc

25 2774 30 2793 ¹
125 2775 156 2826 in
167 2773 263 2826 eodem
276 2775 364 2828 Barth.
378 2775 479 2829 codice.
674 2775 783 2824 nomine
797 2773 881 2824 utitur
893 2771 970 2826 Ovid.
986 2773 1050 2824 Met.
1066 2775 1098 2838 V,
1114 2773 1177 2826 128:

163 2851 226 2921 751.
244 2854 324 2906 Nunc
335 2853 383 2908 tuo
395 2855 423 2906 t'n
437 2856 562 2928 sanquine
571 2855 630 2927 fer-
678 2853 828 2906 nsternitur
838 2868 864 2907 et
873 2853 1011 2906 Melaneus
1021 2858 1126 2907 Perseia
1136 2875 1178 2908 ca·

125 2941 177 2985 eet.
200 2933 277 2986 Uace
300 2933 393 2987 Behot.
416 2933 464 2987 illo
484 2935 629 3008 sanquine,
675 2945 729 2986 stra
748 2943 887 2986 secutus.»
904 2931 936 2984 Et
951 2933 1015 2984 Met.
1031 2933 1176 3001 111‚306:

123 3011 226 3065 m
238 3013 434 3086 monitione,
678 3011 731 3063 nllt
746 3009 844 3064 Pholus
864 3023 890 3062 et
905 3009 1052 3062 Melaneus.
1063 3033 1075 3058 ι
1095 3011 1138 3068 Sir
1151 3026 1178 3067 et

163 3089 226 3160 752.
240 3091 300 3163 Ipse
308 3091 396 3146 metet
403 3092 473 3157 telis,
482 3089 632 3164 pariterque
674 3093 835 3157 irroratus,
850 3107 864 3142 a
878 3107 933 3161 quo
944 3090 973 3142 in
983 3089 1085 3143 Euboea
1097 3099 1178 3144 Mtte·

121 3167 260 3219 ministrat
272 3167 386 3223 latmo.
400 3169 432 3221 ld
443 3179 497 3235 eat,
509 3169 631 3241 armigeri
674 3169 719 3226 trit
729 3169 840 3222 Eretria.
858 3170 977 3222 Gronov.

121 3259 151 3299 et
174 3249 270 3318 auriga
289 3250 374 3301 vicem
396 3247 510 3320 supplet.
530 3277 567 3290 -
587 3249 630 3301 Sic
710 3247 771 3322 758.
793 3249 920 3304 Vinctum
935 3253 1062 3324 attinpere
1073 3253 1175 3307 Manto.

120 3328 247 3398 Propert.
263 3325 310 3377 hh.
326 3328 375 3394 111,
387 3326 462 3397 Eleg.
480 3327 526 3392 16,
541 3343 565 3378 v.
582 3325 628 3379 15:
675 3329 784 3383 Secutus
798 3347 855 3383 snm
869 3329 953 3382 libros
966 3343 1082 3384 veteres:
1096 3337 1177 3386 ornai-

122 3407 224 3458 muns
233 3407 453 3479 ministrateqnis.
463 3430 474 3454 s
485 3407 557 3476 Virg.
569 3407 627 3458 AEn.
674 3429 710 3462 no
726 3413 795 3462 enim
813 3409 955 3481 legendum
971 3411 1104 3480 vittatam,
1122 3433 1175 3466 non

118 3485 144 3535 Χ
152 3523 163 3551 ,
183 3486 249 3538 2¹8:
266 3506 278 3530 ι
288 3485 346 3556 lpse
364 3483 458 3538 sedens
471 3481 630 3556 clarumque
674 3503 708 3564 ut·
716 3489 817 3560 vulgati
829 3492 945 3542 vitatam.
956 3491 1024 3542 Nam
1036 3506 1109 3544 rates
1121 3491 1176 3546 haec

118 3566 210 3635 regit,
244 3563 362 3636 velisque
394 3565 557 3617 ministrat·
588 3563 629 3615 ad
674 3567 774 3619 Manto.
789 3565 855 3618 Vide
875 3585 932 3638 qnae
948 3566 981 3619 de
995 3567 1065 3620 vittis
1084 3581 1177 3622 notata

119 3661 205 3717 quern
216 3643 307 3696 boum
321 3645 393 3696 conf.
408 3658 463 3696 not.
477 3655 548 3696 nost.
565 3641 628 3695 edit.
674 3645 707 3697 ad
722 3659 867 3698 extremum
882 3644 928 3697 lib.
941 3644 973 3696 V.
993 3645 1122 3699 Bannatia.

117 3739 189 3776 tom.
202 3725 247 3789 tv,
259 3741 321 3796 pag.
335 3739 384 3774 rao
396 3736 423 3775 et
437 3739 496 3777 121.
515 3725 561 3774 En.
710 3723 768 3796 759.
789 3725 910 3797 Lampus.
920 3723 1052 3796 Lamphus
1061 3729 1177 3796 optimus

155 3800 224 3872 753.
242 3799 508 3876 Adversaqrtefleetit.
524 3799 627 3853 Behott.
674 3803 923 3856 hartmanus-In
934 3802 1177 3858 hunctccrasl'hoe·

120 3897 146 3949 r,
161 3897 198 3946 a,
210 3895 355 3952 amque.
675 3883 720 3936 ltus
738 3881 808 3934 dedit
829 3881 882 3956 ipre
901 3883 1013 3958 rapinas.
1036 3883 1177 3936 Rationem

156 3957 223 4028 754.
243 3956 628 4024 Εοηιιηαω.ῦυιιωὶο1ἰοειιι,
674 3959 753 4014 affert
768 3963 1005 4032 coperimento,
1022 3963 1083 4032 quia
1098 3961 1176 4014 Lam·

114 4041 177 4092 tive
192 4049 313 4090 neaman
323 4036 452 4102 tenendi,
467 4037 550 4092 hastis
564 4053 629 4090 cou-
673 4057 724 4110 pus
734 4040 787 4090 viru
798 4041 894 4091 inferre
902 4041 993 4091 Manto
1002 4051 1157 4091 tentaverat.

116 4133 160 4171 tra
184 4117 376 4190 Amphiaraum
394 4117 561 4170 venientibus
582 4117 629 4169 de·
710 4118 769 4188 760.
791 4118 902 4171 Phoebus
911 4119 988 4172 dedit.
1002 4119 1174 4184 lmmitit‚di-

115 4197 275 4269 torquebat.
296 4201 394 4252 Birra.
675 4200 747 4250 rexit.
