3230 5168
481 625 483 633 ·
515 579 517 584 ’
557 601 699 664 tinen
724 601 826 664 vni.
1156 607 1217 689 149

213 735 386 815 Quantum
397 727 471 796 haec
482 726 558 794 divo
571 751 711 808 munus,
726 727 857 821 quoties
871 726 1042 793 sudaverit
1053 730 1133 818 aegis

217 845 284 906 lstn
295 835 396 922 mihi,
409 836 504 906 duris
516 835 664 904 famulus
677 859 785 930 quum
797 834 930 902 casibus
943 860 1062 904 omnes

216 955 337 1016 Lustro
349 972 454 1041 vagus
466 963 572 1015 terras
585 973 592 1012 :
607 947 680 1040 ipsa
692 943 776 1012 heu!
791 968 903 1012 comes
918 946 1007 1012 invia
1019 969 1153 1014 mecum

216 1067 374 1144 Tartaru,
387 1063 424 1128 ni
436 1063 581 1155 Superos
593 1058 748 1127 Acheron
759 1057 967 1140 excluderet,
981 1061 1075 1127 isses

217 1177 269 1238 Tu
281 1188 431 1264 petrem,
445 1168 633 1265 caelumque
644 1168 746 1236 mihi:
761 1171 836 1262 quis
849 1184 942 1235 tante
954 1167 1062 1236 relatu
1169 1181 1220 1234 515

219 1289 358 1378 AEquet?
369 1283 456 1352 habe
468 1299 570 1366 totas,
584 1285 610 1350 si
623 1305 720 1348 mens
733 1279 944 1365 exscindere,
958 1281 1102 1349 Thebes.

207 1481 267 1534 511.
285 1483 417 1552 Quantum
430 1483 484 1536 lnce
495 1483 567 1534 dm.
577 1484 676 1554 quoties
720 1497 788 1552 quos
804 1477 959 1550 adigebatur
977 1479 1010 1532 ab
1024 1479 1170 1551 Eurystheo
1184 1478 1224 1530 ls-

173 1561 298 1614 sudaven‘t
307 1562 374 1636 oegis.
382 1565 500 1632 Uterque
510 1560 602 1614 Rehot.
610 1580 675 1634 quo-
719 1559 844 1624 boribm,
857 1578 962 1630 semper
973 1558 1115 1629 gloriosior
1127 1559 1223 1610 evasit:

174 1642 238 1693 tiens
252 1641 391 1694 sudaverit.
407 1673 443 1681 -
459 1643 592 1712 Quantum
613 1641 674 1694 lutee.
720 1659 776 1691 non
797 1641 868 1692 enim
891 1652 931 1692 tot
952 1657 983 1691 sc
1009 1651 1097 1692 tantos
1119 1637 1223 1690 lobores

173 1723 258 1773 Docet
266 1723 348 1774 Poeta
357 1724 462 1795 ingenio
471 1724 593 1774 virtutem
603 1720 677 1774 eede-
721 1707 855 1772 exen'tlsre
878 1719 1027 1790 potuisset,
1051 1721 1102 1770 nisi
1126 1720 1224 1771 comite

175 1819 210 1852 re.
220 1803 287 1854 Nam
297 1801 369 1856 idsit
378 1804 463 1856 orstio
473 1800 595 1854 Herculis
603 1798 678 1854 blan·
721 1796 880 1870 prudentia,
894 1799 970 1865 eujus
983 1797 1102 1854 Minerva
1115 1794 1224 1868 symbo-

175 1878 278 1932 dientis.
290 1881 367 1934 Lsor.
380 1909 416 1921 -
428 1881 511 1953 AEqis.
521 1881 593 1951 AEgis
605 1898 677 1932 nune
721 1877 777 1928 lum
791 1888 839 1928 est.

174 1960 249 2027 lovi,
261 1979 332 2014 nunc
341 1963 466 2013 Minerrae
474 1961 607 2013 tribuitur.
618 1961 678 2013 Ser·
747 1955 820 2021 ⁴514.
838 1955 876 2008 Ni
887 1975 989 2028 superos
1003 1954 1122 2007 Acheron
1137 1952 1226 2005 exclu-

175 2041 232 2092 vius
242 2037 277 2090 ed
289 2039 362 2092 bunc
372 2039 475 2112 Virgilii
486 2055 604 2104 versum,
619 2039 676 2090 AEn.
716 2037 800 2100 deret.
819 2035 978 2089 Interdictus
993 2037 1063 2088 enim
1078 2035 1186 2105 Superis
1198 2035 1226 2084 in

175 2119 246 2180 Vlll,
261 2117 314 2187 435
323 2141 329 2170 :
348 2117 513 2190 «AEgidsque
527 2117 678 2170 horrificam
723 2115 823 2167 lnferos
838 2114 989 2169 descensus.

177 2195 284 2248 turbstae
294 2195 440 2260 Palladisp
452 2195 508 2248 brec
518 2194 596 2249 dicit:
607 2197 679 2266 AEgis
760 2195 826 2262 515,
837 2191 897 2248 516.
911 2197 951 2248 Tu
958 2209 1073 2269 pavero,
1084 2195 1229 2270 celumque

177 2275 284 2344 proprie
302 2287 342 2327 est
357 2276 549 2327 munimentum
563 2275 679 2346 pectoris
725 2273 793 2329 milri
798 2299 805 2327 .·
816 2277 874 2350 quis
883 2288 956 2328 tanta
966 2276 1049 2330 relatu
1058 2277 1157 2349 oequet?
1167 2275 1230 2328 tabe

177 2371 289 2420 ereum,
301 2351 537 2408 habensinmedio
547 2354 679 2426 Gorgonis
725 2366 804 2424 totas,
820 2357 842 2409 si
857 2374 930 2410 mens
945 2357 1102 2418 exscindere,
1121 2354 1229 2408 Tletes.

179 2445 271 2503 enput;
290 2432 365 2504 quod
382 2435 593 2497 munimentum,
612 2433 679 2484 siin
727 2435 768 2488 Tu
785 2447 888 2508 patrem
907 2436 1051 2510 celumque
1071 2434 1138 2487 milri
1155 2433 1230 2508 (quis

178 2526 286 2584 pectore
309 2515 425 2566 numinis
447 2514 546 2580 fuerit,
571 2525 680 2564 vocatur
726 2526 800 2568 tanta
812 2513 894 2569 relatu
903 2517 1016 2588 AEquet)
1027 2515 1197 2581 liobe,totas,
1209 2513 1232 2566 si

179 2595 252 2664 segis:
266 2595 288 2646 si
302 2595 330 2645 in
343 2608 454 2666 pectore
467 2592 597 2658 hominis,
613 2596 681 2646 sicut
725 2612 799 2647 mens
811 2594 955 2647 exscindere
973 2593 1073 2647 Thebas
1088 2592 1150 2647 edd.
1166 2605 1229 2646 vett.

179 2675 206 2725 in
224 2675 338 2747 antiquis
355 2677 545 2746 imperatorum
561 2675 682 2746 imagini·
725 2675 907 2747 interpunctio
929 2687 1019 2728 nostra
1038 2673 1150 2728 debetur
1169 2675 1231 2726 Rer-

179 2753 396 2822 busvidebinsus,
406 2753 486 2806 lorica
498 2752 604 2806 dieiturss
614 2777 624 2800 r
634 2753 681 2806 Su·
726 2757 823 2808 nertio.
836 2787 871 2796 -
883 2757 947 2826 lleg.
959 2757 993 2822 B,
1008 2755 1050 2807 Tu
1059 2757 1174 2827 patriam
1184 2775 1231 2809 οω-

180 2835 258 2886 mitur
270 2836 348 2886 etiarn
361 2851 410 2906 pro
422 2831 536 2886 Palladis
549 2832 645 2904 clipeo.
728 2832 836 2906 lemque
858 2833 945 2885 milti:
970 2835 1027 2906 quis
1049 2845 1124 2886 tanta
1148 2834 1232 2890 relatu

216 2905 275 2968 515.
294 2915 373 2967 Duris
381 2911 505 2986 famulus
520 2932 602 2985 quum
618 2915 683 2968 casi-
727 2913 841 2985 AEqnet?
859 2912 923 2974 habe
938 2923 1015 2979 totas,
1029 2914 1052 2966 si
1067 2932 1138 2968 mens
1155 2934 1230 2968 exce-

183 2999 336 3048 insomnes.
351 2996 463 3068 Optimae
480 2995 581 3048 Bertlrii
598 3013 684 3047 mem·
727 2989 802 3058 dere,
822 2989 922 3044 Thebas
938 2989 1059 3055 exhibet,
1075 2994 1136 3064 lleg.
1149 2994 1170 3046 C
1182 3015 1232 3050 no-

181 3074 284 3128 brente:
298 3071 415 3143 famulus
426 3074 496 3127 duris
506 3094 564 3126 eum
576 3074 681 3126 casibus.
727 3082 807 3120 stram
821 3067 929 3119 lection.
947 3071 994 3120 En.
1009 3098 1044 3107 -
1058 3071 1099 3122 Tu
1110 3084 1231 3144 patrem,

182 3185 217 3195 —
234 3156 296 3224 Reg.
312 3155 348 3220 B,
364 3155 425 3207 dnm
442 3151 564 3214 exhibet3
583 3153 684 3224 Rege
728 3147 871 3221 coelumque
882 3147 957 3198 milri.
973 3149 1089 3220 supple,
1104 3155 1231 3210 concilies

183 3248 299 3288 nostram
316 3233 467 3286 lectionem.
484 3231 531 3283 En.
544 3229 683 3282 -Famu-
729 3246 760 3280 ex
777 3225 904 3300 Virgilio,
923 3227 1026 3280 AEneid.
1041 3230 1068 3296 l,
1086 3231 1120 3300 78
1132 3247 1158 3284 et
1175 3254 1233 3308 seq.

184 3313 232 3366 lus.
248 3316 409 3384 imperatum
426 3312 497 3362 enim
512 3311 600 3362 fuerat
615 3311 684 3362 Her·
731 3329 743 3353 a
754 3320 782 3359 tu
792 3320 898 3378 sceptra
909 3308 1056 3380 lovemque
1067 3308 1207 3366 Concilias.
1218 3337 1230 3361 ι

184 3393 236 3444 culi
248 3391 282 3444 eb
293 3388 419 3456 oraculo,
433 3402 463 3441 ut
474 3387 621 3461 Eurystheo
636 3407 685 3461 pe·
728 3414 764 3426 »-
773 3387 846 3438 Habe
857 3387 1010 3440 exscindere.
1021 3387 1052 3439 ld
1063 3405 1116 3454 est,
1128 3393 1161 3442 sit
1170 3392 1233 3461 tibi,

184 3488 272 3536 reret,
296 3491 328 3522 sc
349 3481 536 3542 exsequeretur
557 3467 685 3540 quidquid
728 3466 1234 3534 liceat,concedentexseindas.Vsrro

184 3555 233 3625 ipsi
247 3555 409 3625 preciperet.
424 3551 488 3603 Noti
501 3567 565 3602 vero
579 3547 684 3601 labores
730 3545 816 3598 delle
832 3549 906 3599 Rust.
925 3545 971 3598 lib.
987 3550 1015 3600 I:
1034 3549 1143 3616 «Quare
1163 3570 1234 3622 quo.

184 3632 312 3686 llerculis.
730 3627 802 3677 niam
818 3627 904 3680 emisti
916 3625 1049 3694 fundum,
1068 3647 1148 3700 quern
1164 3631 1233 3688 bens

220 3711 280 3765 513.
290 3712 380 3765 Lustm
389 3728 468 3785 vagus
475 3719 560 3764 terras.
568 3708 688 3761 Lustrarn'
731 3703 846 3757 colendo
859 3707 1027 3758 fructuosum
1044 3708 1175 3766 conficere
1189 3732 1236 3766 ve-

188 3806 263 3846 terras
279 3790 373 3843 Behot.
396 3806 422 3856 r,
441 3787 532 3841 sedin
552 3789 684 3860 margine:
731 3784 778 3848 lis,
792 3805 888 3858 meque
900 3801 930 3838 ut
943 3786 971 3838 id
984 3787 1173 3844 mihihabesm
1188 3813 1237 3847 eu·

188 3871 274 3924 Lrtstro
290 3887 370 3943 uagus
387 3887 419 3920 ex
436 3869 572 3940 scriptoris
590 3883 686 3931 manu;
732 3887 806 3935 rore,
821 3886 913 3939 roges3
926 3872 1078 3940 experiar.»
1095 3872 1172 3925 Silius
1184 3877 1238 3928 Pu·

187 3948 250 4000 nihil
261 3961 350 4002 temen
360 3944 477 3998 deletum
488 3959 559 4012 erat,
571 3945 638 3998 nihil
648 3963 689 3996 ex·
732 3949 783 4000 nic.
794 3948 862 4015 XVl,
871 3950 936 4002 208:
947 3949 1041 4002 slaetus
1050 3949 1119 4005 habe
1130 3967 1237 4010 nostros

186 4041 324 4100 punctum.
340 4027 448 4098 —Ipsa
463 4025 513 4078 lieu
530 4045 622 4080 comes.
639 4025 687 4076 Mi-
733 4028 829 4078 intrare
841 4038 980 4096 penatess
996 4027 1116 4081 Valerius
1127 4030 1240 4093 Flaccus,

187 4127 267 4160 nerva
277 4125 380 4178 semper
388 4105 495 4159 Herculi
507 4107 534 4158 in
544 4106 688 4159 subeundis
733 4105 832 4176 Argon.
848 4107 858 4156 l
866 4143 875 4170 ,
889 4106 956 4176 670:
976 4124 1044 4158 asou
1058 4107 1171 4160 solvitur
1184 4113 1238 4168 nnis

163 4186 311 4258 ‚perieulis
331 4183 446 4236 adfuisse
465 4183 574 4250 dicitur,
596 4204 626 4237 ec
645 4185 689 4237 ille
734 4183 769 4236 Ut
777 4203 902 4256 superum
912 4188 949 4238 sie
959 4199 1041 4238 steret
1051 4205 1118 4258 opns
1129 4189 1239 4260 tollique

188 4270 244 4336 ejus
257 4265 420 4334 patrorinio,
433 4283 463 4315 ex
476 4277 514 4315 tot
527 4277 552 4316 et
565 4266 643 4315 tentis
657 4263 689 4316 nd
735 4266 848 4316 vicissim
866 4267 965 4316 Pontus
982 4263 1093 4316 listins.»
1111 4266 1234 4322 llellenis·
