3264 5166
617 546 759 612 LIBER
781 546 824 612 X.
1175 547 1239 615 265
1341 619 1344 624 Α

294 674 364 740 Stat
374 692 476 764 super
487 668 636 740 occiduae
647 666 810 736 nebulosa
821 665 942 736 cubilia
953 671 1075 750 noctis,

248 781 487 878 AEtbiopasque
498 778 696 863 alios,nulli
706 778 922 873 penetrabilis
934 795 1040 862 astro,
1209 795 1242 849 25

248 896 358 960 Lucus
369 895 475 974 iners,
487 891 671 986 subterque
682 892 772 958 cavis
785 914 885 982 grave
896 889 1037 983 rupibus
1049 907 1184 965 antrum

248 1005 279 1068 lt
287 1024 433 1082 uacuum
444 1004 659 1082 in'montem,
674 1023 740 1094 qua
754 997 878 1066 desidis
890 1002 973 1066 atria
985 1001 1116 1082 Somni,

247 1111 474 1206 Securumque
486 1111 591 1180 larem
602 1112 713 1204 segnis
725 1113 851 1176 Natura
862 1106 994 1177 locavit.

200 1306 277 1374 cujus
289 1307 336 1359 lris
347 1307 493 1380 symbolum
507 1307 577 1379 apud
590 1320 698 1360 veteres.
780 1305 823 1358 86.
842 1304 871 1356 L.
888 1306 906 1356 i.
917 1323 938 1358 s.
952 1323 974 1356 c.
989 1323 1069 1379 praue
1078 1297 1182 1376 napibus
1194 1321 1243 1354 au·

236 1383 279 1449 84.
297 1385 355 1437 Stat
366 1403 442 1459 super
453 1387 566 1440 occiduoe
579 1384 700 1439 nebulosa
744 1395 821 1436 trum.
843 1387 872 1436 ln
891 1383 1049 1455 quibusdam
1070 1385 1176 1435 nubibas
1193 1399 1243 1454 pro

200 1462 298 1515 cubilia
317 1466 405 1518 noctis.
424 1466 482 1518 Stet
490 1469 571 1538 juxta
589 1465 700 1518 occidte
744 1464 862 1536 mpibru5
872 1463 918 1516 sed
929 1464 988 1517 vide
999 1465 1135 1516 Heinsium
1148 1460 1183 1514 ad
1193 1462 1242 1515 Or.

200 1544 306 1612 optimu
317 1544 415 1596 Bartbii
426 1545 590 1598 membraneo.
605 1544 699 1598 Bebot.
744 1541 850 1594 Metam.
861 1544 910 1608 Xl,
918 1541 978 1612 591.
989 1572 1025 1581 —
1034 1544 1113 1594 luen.
1122 1543 1241 1609 Quietus.

203 1638 228 1690 t,
246 1642 296 1693 pro
315 1623 412 1676 cubilia
430 1623 534 1677 exhibet
554 1623 699 1685 cunabula;
744 1652 779 1663 -
796 1625 888 1677 Grave.
906 1625 1010 1694 Pigrum
1026 1625 1079 1676 eive
1090 1623 1242 1674 obscurum.

200 1719 253 1773 qua
264 1701 378 1754 dictione
388 1718 532 1775 expuncta,
545 1707 700 1775 inscriptum
743 1703 871 1756 Lacrsn‘r.
889 1734 926 1745 -
942 1705 1026 1757 Lucus
1043 1704 1116 1756 iners.
1132 1703 1243 1769 Quietus

199 1781 698 1856 cucuminaeodemstylo.-Occiduoe.
743 1781 784 1834 vel
799 1781 915 1848 inutilis,
933 1784 1082 1837 inaccessus
1100 1802 1153 1855 quo
1164 1799 1242 1834 nemo

200 1859 229 1910 lu
246 1858 454 1913 occidentalibus
467 1862 586 1932 pprtibus
600 1863 699 1914 consti-
743 1861 821 1913 facile
841 1864 919 1914 venit.
942 1862 1036 1915 lisdem
1057 1863 1143 1915 verbis
1162 1863 1244 1913 utitur

199 1949 271 1988 tute.
281 1939 358 1990 Lacr.
366 1941 478 2004 —Stat,
488 1953 538 1992 etc.
547 1943 596 1994 Hic
603 1943 700 1994 Noster
744 1939 787 1992 Sil.
798 1940 880 1994 Italic.
894 1943 984 1992 Punic.
996 1943 1044 2006 Vl,
1054 1960 1078 1992 v.
1095 1941 1158 2008 1462
1175 1942 1245 1992 «Lu-

200 2019 294 2088 inripit
305 2017 454 2072 describere
465 2019 533 2072 tedes
547 2021 651 2084 Somni,
666 2019 701 2072 ad
745 2037 792 2072 cus
801 2022 871 2072 inere
878 2023 953 2090 jutta
964 2018 1244 2092 styginmpsllcntibus

200 2096 373 2150 imitationem
383 2099 469 2150 Ovidii
479 2100 542 2151 Met.
552 2102 636 2164 X1,v.
649 2099 698 2170 59²
744 2098 844 2151 umbris
852 2099 978 2152 Servabst
989 2102 1045 2152 sine
1054 2100 1220 2154 soleremus.
1229 2121 1241 2145 u

200 2176 247 2246 qui
258 2189 346 2228 tamen
355 2176 423 2230 redes
435 2178 525 2231 Somni
536 2198 620 2250 prope
631 2180 701 2232 Cim·
745 2179 795 2232 Sic.
809 2179 886 2232 Ovid.
899 2181 1007 2232 Metam.
1025 2182 1073 2243 Ill,
1089 2180 1138 2232 28:
1154 2175 1243 2232 asttva

200 2256 296 2308 menos
309 2255 425 2327 populos
435 2257 470 2308 ob
482 2257 649 2328 longissimas
663 2257 701 2310 ibi
743 2270 818 2310 vetus
837 2258 924 2310 stabat
940 2258 1013 2312 nulla
1028 2258 1125 2310 violata
1143 2257 1244 2320 securi,

200 2333 420 2388 noctescollocat.
428 2336 556 2388 Homerus
563 2341 590 2388 in
600 2339 699 2390 Lemno
746 2351 818 2392 etc·
833 2335 868 2390 ud
883 2356 961 2410 quem
977 2337 1073 2390 videsis
1088 2349 1180 2388 notata
1192 2354 1244 2386 no-

199 2414 287 2466 insula
297 2413 486 2479 collocaverat,
498 2431 523 2469 et
532 2418 651 2472 Ariostus
660 2418 700 2470 21-
745 2427 798 2468 stra
809 2414 872 2470 edit.
884 2429 948 2468 tom.
959 2418 1007 2480 111,
1019 2434 1046 2485 p.
1061 2414 1121 2480 224.
1141 2415 1186 2466 Eo.

200 2492 265 2544 timo
276 2495 304 2544 in
317 2493 430 2546 Arcadia
444 2495 542 2565 posuit.
555 2495 622 2552 Vide
637 2499 701 2550 Ovi·
780 2491 822 2566 87.
841 2497 865 2548 1.
880 2516 904 2548 v.
919 2498 937 2548 i.
952 2515 989 2548 m.
1002 2495 1163 2568 quudesidis
1176 2496 1245 2547 atriu

199 2571 275 2622 dium
286 2570 396 2640 ibidem,
410 2575 553 2626 Homerum
568 2573 612 2626 lib.
625 2575 698 2628 llied.
744 2576 844 2629 Somni.
864 2578 986 2630 Heinsius
1003 2575 1068 2628 ibid.
1087 2575 1167 2646 legit:
1187 2593 1245 2647 quoe

202 2657 222 2700 1.
239 2649 304 2702 Vide
318 2663 343 2703 et
358 2653 502 2704 Lucianum
514 2655 540 2704 in
555 2654 601 2705 lib.
614 2657 637 2707 ll
649 2655 700 2708 Ve-
744 2653 834 2708 desidis
842 2655 919 2708 utria.
931 2686 967 2696 —
976 2656 1010 2707 It.
1023 2655 1110 2708 Vadit.
1123 2657 1199 2706 Lacr.
1209 2683 1245 2694 —

201 2749 292 2782 rarum
300 2732 484 2796 Historiarum,
497 2733 543 2786 ubi
552 2735 700 2788 fabulosam
744 2735 851 2788 Doridis.
860 2736 1022 2800 Abell'eotu,
1032 2736 1093 2808 quia
1101 2737 1197 2786 nimius
1205 2753 1246 2786 so·

200 2809 293 2862 Somni
310 2813 457 2878 civitatem,
474 2816 502 2865 in
521 2833 574 2886 qua
593 2815 701 2868 Somniu
744 2833 823 2868 mnus
832 2815 959 2867 desidiam
966 2829 992 2866 et
1000 2813 1156 2884 languorem
1165 2815 1243 2882 parit.

200 2886 320 2940 habitere
337 2887 502 2959 dicebantur,
520 2890 701 2963 pereleganter
780 2894 823 2946 88.
834 2895 1008 2966 Securumque
1015 2890 1245 2963 laremseqnisNa-

202 2984 250 3020 suo
262 2985 334 3018 more
347 2965 480 3021 describit.
746 2981 802 3022 tura
815 2970 919 3023 locavit.
934 2970 1050 3039 Scaliger
1064 2972 1190 3040 castigat:
1204 2987 1244 3022 se-

238 3045 365 3100 85.AE.a.
374 3047 444 3102 nulli
451 3043 699 3121 penetrabilisartro.
743 3067 822 3122 prtem
834 3051 938 3104 Natura
951 3049 1060 3114 locavit,
1075 3047 1245 3120 improbante

201 3123 292 3176 Hebot.
308 3142 332 3189 r,
350 3123 419 3178 nulli
427 3128 596 3197 ,penetrabilis
606 3139 700 3181 aurbu.
745 3125 879 3180 Gronovio
893 3129 921 3178 in
932 3129 1013 3180 Diatr.
1026 3147 1053 3198 p.
1064 3129 1107 3180 82.
1114 3127 1246 3200 -Sepus's

201 3231 237 3243 -
250 3203 440 3277 AEtlriopasque
457 3205 531 3258 ulios.
549 3207 616 3258 Sunt
631 3209 701 3260 enirn
744 3209 856 3260 Natura.
869 3207 971 3280 Segnis,
987 3225 1044 3277 quer
1057 3207 1244 3278 segnemfacit.

201 3283 320 3355 duplices
329 3287 444 3338 Homero
454 3285 701 3358 AEtbiopes,Orien-
745 3287 803 3336 lloc
818 3302 958 3356 perperam
971 3285 1078 3355 corripit
1093 3283 1146 3337 121.
1162 3282 1246 3336 Souli-

152 3399 156 3406 -
200 3363 265 3418 tales
278 3377 304 3417 et
317 3366 449 3436 Hesperii=
461 3367 538 3436 primi
550 3368 631 3437 positi
641 3382 703 3419 sunt
746 3379 799 3433 ger.
808 3363 981 3416 lmmosolers
989 3376 1246 3434 etuegetapepnem,

202 3443 235 3496 ad
242 3445 315 3496 blare
322 3444 453 3511 Rubrum,
463 3448 653 3516 Oceanumque
662 3449 702 3498 ln·
747 3460 800 3494 non
811 3444 869 3512 ipsa
882 3444 975 3514 eequis,
987 3445 1084 3514 inquit.
1097 3443 1180 3510 Quasi
1191 3440 1246 3494 ulla

201 3521 304 3588 dicum,
317 3535 342 3576 et
349 3527 457 3595 proprie
464 3536 593 3576 vocantur
599 3523 702 3577 AEtlsio·
746 3520 829 3591 ligura
841 3520 885 3573 illa
896 3521 1035 3592 hypallage
1050 3522 1136 3574 Poetis
1148 3523 1182 3572 eit
1193 3522 1246 3572 lre·

199 3621 259 3675 pes:
274 3603 318 3656 alii
329 3601 451 3656 accolunt
463 3607 599 3658 Oceanum
611 3603 702 3656 Atlan·
748 3603 876 3672 quentior.
894 3601 983 3676 sequte
997 3603 1099 3654 Natura
1110 3599 1148 3650 ibi
1163 3600 1245 3652 luisse

202 3681 702 3754 ucumseuHesperium,etbivocantur
747 3677 853 3745 dicitur,
869 3677 915 3730 ubi
933 3683 1056 3750 supinam
1076 3682 1206 3751 quietem,
1220 3692 1247 3730 et

201 3764 308 3832 proprie
314 3762 434 3834 Niprs'toe.
444 3764 575 3814 Homerus
585 3761 703 3833 Odyssea
746 3759 882 3830 segnitiem
896 3777 996 3812 meram
1011 3758 1118 3812 locavit.
1138 3760 1179 3812 Sic
1193 3759 1247 3810 Ka-

201 3851 236 3906 Α,
257 3841 386 3903 steterat,
406 3841 442 3894 rel
462 3839 541 3908 Νχθι
558 3841 701 3908 tamnu,
746 3834 830 3890 lendis
841 3837 1030 3890 Decembribus
1041 3839 1119 3892 breuis
1129 3840 1245 3901 Natura,

201 3919 448 3991 lexmsrisdpe'irffli
453 3917 497 3988 μὴ
506 3919 629 3987 deuouisse
642 3921 702 3975 rim-
746 3933 804 3986 qum
824 3914 917 3968 breves
936 3916 1018 3968 facite
1041 3914 1103 3968 alibi
1124 3917 1245 3988 injustam
1297 3939 1301 3946 ·

201 3999 284 4067 pisus,
299 3995 319 4052 ei
330 3998 356 4049 θ’
369 3993 477 4056 riuirrar·
494 3997 651 4070 eAEtbiopes
662 3998 702 4048 bi-
745 3994 875 4046 Naturam
883 3992 960 4062 dicit,
969 4012 1026 4065 qun
1032 3995 1159 4064 injustum
1167 3995 1246 4046 binus

202 4077 701 4145 lariamdividuntur,ultimihominum,
747 4071 1245 4144 efferrejubet.Neealiterdvitusapud

201 4156 229 4208 hi
237 4157 344 4229 quidem
355 4156 416 4210 solis
426 4158 583 4222 occidentis,
593 4155 632 4208 1111
639 4173 701 4208 vero
746 4155 872 4206 Senecam
881 4152 986 4204 Suasor.
996 4155 1020 4216 l,
1029 4171 1100 4204 mare
1109 4151 1174 4213 dicit
1184 4149 1246 4200 «de-

203 4237 318 4290 orientis.
747 4233 956 4284 linientist'bsuo
968 4231 1019 4282 line
1029 4231 1134 4282 Neturae
1144 4229 1245 4299 pigram
