3196 5158
370 606 411 671 7²
604 582 638 644 P.
664 582 699 643 P.
725 579 879 646 STATll
903 577 1176 645 THEBAIDOS

415 717 482 779 Aut
493 731 645 790 cervam,
660 721 720 776 sut
732 707 885 776 nondum
896 695 1079 778 bellantem
1090 708 1200 775 fronte
1208 704 1409 800 juvencum,

416 824 449 887 lt
459 819 596 888 fremitu
608 816 773 910 gaudens,
786 815 864 885 licet
874 840 984 898 arma,
1000 803 1183 911 gregesque
1195 815 1360 884 lacessant

416 937 623 1014 Venantum3
636 928 785 1022 praedam
797 929 905 1011 videt,
918 945 952 996 et
962 952 1024 996 sua
1034 928 1175 998 vulnera
1186 930 1304 996 nescit.

463 1043 516 1108 Sic
527 1056 609 1107 tune
621 1061 803 1130 congressu
815 1040 990 1131 Capaneus
1003 1041 1136 1130 gavisus
1147 1040 1264 1133 iniquo
1361 1048 1411 1119 675

417 1149 575 1219 Librabat
586 1173 709 1242 magna
720 1165 897 1218 venturam
908 1149 998 1217 mole
1007 1171 1215 1244 cupressum.

417 1267 503 1330 Ante
514 1277 644 1343 tamen,
661 1260 774 1347 «Quid
785 1261 939 1328 femineis
951 1260 1149 1345 ululatibus,
1160 1263 1288 1356 inquit,

418 1371 611 1454 Temifims,
625 1373 800 1453 moriture,
812 1373 923 1439 viros?
933 1373 1064 1439 utinam
1074 1375 1146 1466 ipse
1156 1374 1304 1455 veniret,

400 1471 404 1480 ’
418 1483 481 1548 Cui
492 1481 592 1548 furis!
606 1479 679 1548 haee
689 1483 800 1573 Tyriis
812 1503 895 1548 cane
905 1480 1085 1549 matribus:
1097 1512 1110 1544 a
1126 1498 1160 1550 et
1171 1481 1272 1550 simul
1282 1479 1413 1548 hastam

420 1587 576 1683 Expulit:
589 1587 649 1656 illa
659 1587 868 1671 volans,eeu
878 1592 928 1659 vis
940 1613 1010 1658 non
1021 1589 1094 1668 ulla,
1103 1585 1253 1658 moretur
1362 1601 1414 1655 680

420 1700 543 1784 Obvia,
556 1702 612 1768 vix
623 1701 737 1768 sonuit
748 1697 873 1793 clipeo,
886 1697 998 1792 etjam
1009 1715 1102 1792 terga
1113 1699 1258 1794 reliquit.

421 1815 522 1878 Arma
533 1809 662 1896 fluunt,
675 1809 850 1905 longisque
862 1828 977 1904 crepat
987 1810 1190 1903 singultibus
1202 1834 1341 1892 aurum,

376 2053 483 2108 leonum
495 2058 708 2130 Descriptiones,
717 2071 767 2112 ete.
777 2059 874 2112 Etnru-
911 2057 1415 2128 ¹irrratetnus,eumlibriillinequnquarn

412 2133 474 2206 672.
496 2135 551 2187 Aut
567 2155 677 2190 ceruam.
697 2137 752 2190 Aut
770 2156 875 2191 cervum
919 2137 1012 2189 nullibi
1020 2149 1116 2190 errent.
1126 2135 1416 2190 niara-Venturam

377 2213 458 2284 Lang.
478 2228 590 2286 uterque
608 2215 699 2268 Behot.
716 2215 794 2269 tldd.
813 2217 876 2268 Lin-
920 2232 1071 2285 cupressum.
1095 2219 1204 2268 Hastam
1229 2233 1260 2267 ex
1283 2231 1417 2285 cupresso.

378 2291 458 2347 denb.
481 2293 602 2366 plerique
622 2309 648 2348 et
668 2294 772 2360 Gerart.
802 2297 877 2347 Hanc
920 2290 1417 2364 Thebaile,176,deeademhssta

377 2375 460 2445 Regg.
477 2375 540 2426 Bet
557 2372 650 2426 Clect.
664 2373 772 2426 babent.
791 2376 837 2426 Eo.
921 2373 1055 2444 Capanei:
1078 2385 1178 2445 astque
1195 2374 1243 2425 uni
1260 2370 1363 2424 missilis
1381 2369 1418 2420 illi

414 2451 475 2523 674.
497 2451 655 2506 Venantum.
670 2451 801 2506 Venatum
809 2469 877 2504 unus
921 2451 1037 2523 Cuspide
1050 2451 1154 2522 praefixo
1163 2464 1215 2506 stat
1226 2448 1364 2504 frondibus
1377 2465 1419 2498 on

378 2530 441 2586 Beli.
449 2561 485 2570 -
495 2528 612 2584 Vulnera
622 2532 708 2584 molt.
716 2532 802 2602 Major
808 2531 880 2604 cupi-
922 2528 956 2581 be
970 2548 1120 2602 cupressus.
1131 2553 1142 2576 ι

380 2609 879 2682 ditasprsedoeestei‚quemtirnormor·
944 2609 1004 2680 677.
1036 2610 1169 2662 Femineir.
1194 2611 1262 2663 Nam
1287 2623 1372 2661 vestes
1396 2619 1421 2658 te

380 2692 426 2754 ὼς
439 2707 488 2741 nee
497 2702 586 2755 cavet,
595 2691 694 2740 utvitet
703 2690 823 2750 exitium
833 2687 879 2742 sed
923 2701 1037 2758 arguunt
1050 2693 1135 2742 virum
1145 2707 1200 2742 non
1211 2703 1277 2741 esse:

379 2769 541 2835 festinat,ut
550 2767 666 2839 praedam
675 2769 769 2839 rapiat.
778 2765 878 2820 Lucan.
945 2764 1420 2839 678.Temfieas.Studesperterrere.

380 2851 408 2916 1,
423 2865 491 2900 ara:
510 2846 644 2899 «mineris
658 2849 725 2898 tanti
738 2863 855 2899 securus.
865 2871 877 2895 ι
924 2844 1014 2915 Virgil.
1029 2846 1087 2898 AEn.
1099 2847 1134 2898 IV
1139 2884 1148 2911 ,
1163 2863 1228 2897 aro:
1245 2845 1380 2916 aeeoique
1394 2845 1420 2895 in

417 2925 479 2996 675.
498 2926 541 2978 Sic
559 2936 634 2994 tunc,
649 2937 699 2978 ete.
718 2926 761 2980 Sic
779 2938 835 2991 tun
852 2927 880 2977 in
923 2923 1039 2976 nubibus
1052 2926 1126 2996 ignes
1137 2925 1293 2978 Terrificant
1304 2926 1422 2987 animos,

382 3003 476 3056 eodem
489 3001 584 3057 uehar.
601 3001 703 3056 codice.
721 3034 757 3043 —
774 3005 880 3077 Iniqua.
927 3016 953 3055 et
964 3006 1052 3056 inania
1063 3023 1196 3056 murmura
1209 3006 1349 3056 miscent.-

382 3084 485 3154 lmpio,
499 3097 593 3154 utpote
607 3097 699 3136 eontra
718 3081 882 3136 sacerdotem
962 3083 1022 3153 679.
1044 3084 1092 3135 Cui
1097 3079 1175 3155 ῥανὶς.
1189 3082 1220 3134 ld
1233 3095 1288 3148 est,
1304 3084 1331 3135 in
1347 3085 1422 3153 eujus

382 3164 447 3226 nen
460 3163 676 3234 Capaneusenim
686 3161 883 3234 ubiquedepin·
925 3162 1056 3215 honorem
1070 3181 1145 3216 secra
1159 3162 1283 3216 celebres.
1301 3161 1424 3214 Claudia-

382 3242 453 3312 gitur
468 3253 618 3292 contemtor
629 3243 754 3292 Deorum.
773 3242 881 3292 uranu.
926 3261 994 3310 nus,
1013 3244 1086 3307 Vlll,
1104 3243 1137 3295 de
1153 3245 1188 3294 tv
1203 3243 1281 3294 Cons.
1297 3243 1424 3307 Honorii,

383 3349 420 3359 -
429 3320 533 3392 Inique.
548 3319 666 3372 Pedestri
679 3321 823 3371 certamine
834 3337 882 3371 ur·
927 3319 994 3374 605:
1009 3320 1178 3374 adubitarent
1185 3321 1369 3392 Orgiabecehi
1375 3321 1424 3372 Cui

383 3410 467 3470 gesur.
481 3397 517 3449 Ut
533 3397 625 3466 Virgil.
644 3396 745 3449 AEneid.
761 3398 801 3464 X,
816 3397 881 3466 889:
926 3401 1074 3453 furerent·
1089 3401 1375 3454 SacraBaeohicacum
1385 3401 1426 3451 fu·

387 3478 881 3549 ePugnacongressusiniqua.abanan.
927 3498 987 3531 rore
1005 3481 1209 3553 peragebantur,
1227 3499 1272 3548 seu
1288 3494 1364 3533 erant
1379 3499 1425 3532 en·

420 3556 481 3627 676.
497 3556 650 3611 Venturam.
658 3556 884 3628 Majoreimpetu,
928 3557 1096 3626 thasiastioa,
1107 3557 1423 3613 urnotumest.Vid.not.

387 3654 467 3707 quarn
482 3654 532 3707 pro
548 3636 595 3687 tali
609 3635 694 3688 hoste.
709 3637 806 3688 Nescio
821 3633 884 3707 quid
928 3651 997 3690 nost.
1008 3637 1070 3690 edit.
1079 3635 1424 3706 Claudian.tom.l,p.317.

385 3717 497 3767 monstri
511 3715 582 3767 alant
597 3713 649 3767 hoe
666 3715 727 3766 looo
741 3714 795 3767 duo
806 3714 884 3782 libri,
928 3716 974 3766 En.
991 3741 1027 3753 -
1044 3715 1115 3768 Har.
1130 3713 1242 3786 Supple,
1256 3731 1312 3785 quae
1325 3711 1427 3764 dixerat

386 3797 433 3867 qui
445 3796 572 3866 expressis
586 3794 665 3848 literis
680 3796 798 3848 referunt
811 3817 816 3846 t
833 3794 861 3849 V
858 3814 884 3846 e-
928 3793 1048 3846 Euneos.
1060 3821 1096 3832 -
1108 3792 1202 3863 Tyriis.
1213 3791 1354 3843 Thebanis.

385 3891 503 3926 naurem.
519 3874 559 3924 An
573 3873 607 3926 ab
621 3892 684 3926 aure
702 3873 823 3926 libratam
835 3871 884 3924 ha·
963 3873 1024 3924 681.
1046 3869 1141 3938 Obvia,
1165 3874 1208 3924 uix
1227 3871 1313 3924 sonuit
1333 3867 1424 3941 clipeo.

386 3966 455 4007 stam
468 3951 533 4005 dixit
547 3954 689 4025 Papinius,
708 3967 733 4006 et
747 3965 884 4024 correptus
928 3955 978 4004 vix
991 3953 1077 4023 tetigit
1090 3951 1221 4024 clipeum,
1239 3963 1263 4002 et
1274 3952 1329 4020 jam
1341 3963 1426 4002 toturn

316 4093 319 4100 ,
387 4035 488 4088 estisit
500 4037 632 4106 expressio
642 4034 712 4087 illius
721 4035 881 4100 Maroniani,
928 4031 1061 4084 bominem
1077 4034 1186 4084 transiit.

388 4114 489 4168 AEneid.
500 4116 548 4181 lx,
559 4115 626 4186 417:
639 4114 805 4167 abocacrior
814 4111 884 4165 idem
963 4112 1023 4164 68².
1042 4111 1124 4164 Arma
1140 4112 1235 4185 fluunt.
1249 4111 1366 4183 Guyetus
1380 4109 1426 4161 de·

387 4197 456 4248 Ecce
473 4193 545 4248 aliud
561 4213 661 4248 summa
674 4194 756 4247 telum
771 4191 885 4246 librabat
928 4191 964 4244 let
976 4191 1047 4243 bunc
1056 4211 1173 4259 versum,
1185 4205 1215 4244 ut
1226 4191 1388 4262 superfluum
1401 4201 1426 4240 et

390 4275 424 4327 ab
437 4295 509 4330 aure.
520 4302 532 4324 ι
546 4276 596 4330 Sed
608 4278 698 4349 potius
710 4289 765 4342 est,
776 4289 805 4328 ut
819 4271 885 4326 nibil
931 4270 1114 4324 adulterinum.
