3196 5158
386 446 444 525 tr«
618 446 655 507 r.
682 447 716 510 r.
742 443 897 510 smmi
922 445 1195 515 rnannrnos

429 567 625 662 Sideraque,
639 555 817 663 aversique
829 569 898 636 suis
911 567 1109 640 decursibus
1120 595 1255 640 amnes:
1379 581 1432 652 405

431 678 663 773 infestumque
675 693 769 746 tonat
781 693 892 770 pater,
904 695 938 746 et
948 677 1038 749 mala
1049 680 1186 774 fulgura
1197 680 1327 750 lucent:

429 789 664 883 Terrificaeqne
676 788 785 882 adytis
798 812 914 873 voces,
927 789 1117 886 clausaeque
1129 796 1276 860 Deorum

429 902 554 993 Sponte
565 898 654 965 fores
667 925 673 964 :
689 923 780 967 nunc
792 901 1015 992 sanguineus,
1028 925 1119 970 nunc
1131 923 1252 971 saxeus
1263 901 1385 982 imber,

380 1130 475 1201 ferunt
483 1129 551 1182 diros
561 1129 691 1196 monitus,
701 1143 751 1182 eto.
765 1133 824 1184 line
837 1151 889 1184 om·
932 1135 1010 1186 etism
1022 1134 1183 1188 incrementa
1195 1145 1342 1206 ponuntur,
1351 1133 1433 1183 incen-

386 1211 429 1264 nis
454 1223 480 1260 et
505 1209 598 1263 similia
621 1211 742 1282 prodigis
765 1212 888 1267 eolebnnt
931 1224 1100 1284 intempore.
1119 1215 1245 1266 Laersnr.

385 1289 887 1364 precedereimminentesoelamitntes,
967 1291 1028 1358 406.
1048 1293 1229 1364 Insertamque
1254 1301 1327 1342 tonat
1348 1299 1430 1359 poter,

385 1386 530 1440 eorumque
543 1367 651 1419 Veteres
661 1368 735 1420 luere
747 1368 887 1422 observan·
931 1381 956 1422 et
967 1369 1158 1446 malnfirlpura
1171 1371 1267 1423 lucent.
1282 1367 1431 1420 Fulminum

385 1449 492 1514 tissimi,
503 1447 658 1519 diverseque
668 1449 837 1501 instituerunt
846 1467 887 1500 sa·
927 1449 1031 1518 jactus,
1046 1461 1072 1501 et
1084 1449 1189 1518 fulgura
1202 1449 1271 1500 inter
1283 1448 1371 1498 omina
1381 1463 1432 1516 po·

385 1527 481 1580 crificia
492 1526 565 1578 adea
575 1527 752 1598 procuranda.
762 1527 886 1599 Exempla
931 1529 988 1580 sita.
1004 1529 1095 1581 Cicero
1112 1529 1146 1580 de
1160 1529 1326 1580 Divinatione
1342 1524 1387 1577 lib.
1404 1527 1433 1591 l,

384 1604 888 1681 passimobriaapndllistoricos,prte-
932 1621 957 1658 et
982 1608 1111 1661 Oratione
1137 1609 1189 1673 ΙΙΙ,
1217 1608 1243 1659 in
1269 1606 1431 1658 Catilinam

385 1685 475 1736 sertim
488 1683 599 1734 Livium.
616 1683 732 1736 Sufficiet
746 1683 832 1756 alique
846 1703 888 1738 re·
934 1707 946 1731 ι
956 1686 1022 1736 Nam
1033 1688 1092 1739 visre
1101 1701 1162 1738 sunt
1174 1699 1290 1756 ternpore
1299 1697 1430 1737 nocturno

385 1762 461 1816 ferre.
475 1762 611 1814 aMonitus
621 1775 724 1826 autem,
736 1774 886 1827 emouere,
931 1768 1017 1830 faces,
1031 1765 1162 1836 ardorque
1173 1765 1241 1828 eroli,
1253 1778 1325 1816 mota
1335 1776 1374 1816 eet
1383 1776 1431 1815 ter

384 1844 494 1916 propria
506 1841 585 1894 verba
600 1840 633 1892 de
647 1845 776 1912 auguriis,
792 1829 886 1894 oiacu-
930 1862 973 1909 re,
985 1842 1094 1897 firlminn
1106 1843 1268 1896 deciderunt.
1278 1867 1290 1890 ι

384 1921 430 1987 lis,
447 1921 589 1992 prodigiis,
607 1920 753 1988 ominibus,
768 1923 884 1974 somniis.
966 1920 1026 1990 407.
1052 1919 1230 1994 Tem'ficrrque
1247 1919 1332 1991 adytis
1350 1937 1428 1973 uoces.

385 2000 462 2054 Silius
474 2001 564 2052 Punic.
578 1999 622 2066 lV,
636 2016 684 2053 rao
696 2013 789 2071 etseq.
803 1998 886 2052 nlrnie
930 1999 972 2051 Sin
991 2013 1080 2052 narrat
1097 1999 1243 2072 Joseplme,
1263 2002 1354 2072 paucis
1369 2012 1429 2052 ante

384 2080 499 2152 Superos
507 2081 601 2131 sentire
609 2083 801 2133 monentesdrs
809 2082 883 2132 fuit..
930 2077 1023 2130 diebus
1045 2097 1124 2150 quem
1147 2079 1329 2149 Hierosolyma
1349 2095 1430 2149 expu-

384 2158 519 2224 Lucanus‚
530 2156 621 2210 Plrars.
633 2161 657 2225 1,
667 2159 734 2230 589:
748 2161 885 2212 uMonitus
930 2171 1065 2228 goarem,
1085 2157 1187 2210 auditos
1205 2160 1231 2208 in
1251 2154 1349 2229 templo
1367 2169 1431 2209 stre-

383 2235 731 2308 rolitentisinaerepennae.
742 2261 752 2283 ι
765 2237 884 2291 Valerius
929 2237 1000 2308 pirus
1013 2237 1087 2307 quasi
1104 2237 1269 2296 exeuntium,
1285 2249 1311 2290 et
1327 2235 1430 2288 audites

383 2315 492 2368 Plancus
501 2315 563 2382 Arg.
574 2317 598 2380 1,
611 2316 657 2366 231
671 2337 677 2365 r
691 2338 701 2360 ι
713 2317 815 2366 monitu
823 2335 885 2387 prae-
929 2334 1020 2381 voces,
1036 2339 1046 2361 ι
1057 2317 1197 2388 migremus
1209 2314 1279 2368 ltine.
1290 2341 1302 2364 ι
1311 2314 1430 2367 —Clau

383 2411 492 2446 noscere
505 2394 737 2446 ornumornum..
751 2425 787 2433 -
801 2395 828 2448 V
826 2395 884 2447 olu-
927 2413 1011 2468 suque
1023 2396 1136 2446 Deorum
1149 2397 1246 2468 Sponte
1251 2396 1332 2468 fores.
1344 2395 1427 2462 Quasi

365 2465 498 2545 nmque,
514 2472 639 2546 ferreque.
660 2471 788 2525 volucres
814 2475 883 2526 enim
928 2488 1065 2545 precantes
1089 2473 1273 2541 excluderent,
1298 2473 1370 2547 quod
1392 2475 1427 2526 si-

381 2555 494 2624 feraeque
513 2553 682 2622 inauspicatu
703 2565 791 2617 ernnt,
810 2555 883 2605 visar-
928 2571 1008 2624 gnum
1024 2567 1079 2605 erat
1093 2555 1295 2626 inauspicatum.
1312 2553 1353 2606 Sic
1367 2569 1429 2604 con·

383 2651 448 2706 que,
468 2644 514 2683 aut
533 2629 644 2696 auditae,
664 2629 751 2682 dirum
771 2630 833 2703 quid
852 2650 883 2685 se
927 2630 1107 2684 traarocluue
1115 2632 1273 2703 templorum
1282 2633 1352 2684 iores
1361 2634 1429 2683 inter

381 2714 515 2765 funestum
527 2709 734 2782 portendebant,
749 2709 881 2779 urbano,
929 2713 1015 2762 omina
1036 2725 1216 2778 numeratae,n
1240 2721 1276 2765 ut'
1290 2711 1322 2763 de
1343 2713 1427 2784 portis

381 2793 488 2862 striges,
504 2801 554 2842 ote.
927 2789 1256 2863 templillierosolyrnitsni
1266 2792 1347 2842 refert
1353 2791 1427 2842 Jose·

416 2869 477 2938 405.
495 2869 650 2940 Sideraque,
671 2869 803 2942 auersique
816 2870 881 2932 ntis,
926 2867 995 2939 phun
1006 2866 1066 2920 loco
1079 2870 1168 2920 citato.
1187 2871 1219 2921 Et
1234 2870 1302 2921 infra
1315 2869 1422 2921 Noster:

381 2965 431 3005 etc.
443 2949 536 3004 Belrot.
553 2967 575 3016 r,
584 2952 742 3023 eversisque,·
751 2949 843 3002 Belrot.
855 2969 884 3018 a,
930 2949 982 2999 ·Et
996 2947 1099 3019 templis
1111 2947 1203 3018 Sparte
1214 2967 1328 3021 presaga
1342 2945 1426 2998 reclu-

380 3031 738 3104 adversique.—Sidernque.
752 3029 883 3102 Joseplms
928 3027 961 3078 sis
977 3025 1047 3079 Vidit
1059 3027 1219 3099 Amyclaeos,
1232 3029 1348 3080 facinus!
1362 3043 1425 3078 eon·

379 3109 459 3164 tradit
473 3108 544 3160 sidus
564 3109 749 3182 Hierosolymis
762 3113 883 3163 imminu·
927 3126 1032 3160 currere
1046 3108 1169 3160 fratres.-

381 3193 447 3253 iese,
468 3207 498 3240 ac
512 3201 639 3239 cometem
653 3207 809 3260 perannum
821 3192 882 3240 inte·
968 3189 1029 3256 408.
1060 3191 1139 3242 Nune
1160 3189 1332 3262 sanguineus,
1356 3205 1427 3240 nunc

381 3287 457 3341 grum
469 3269 572 3330 visuro,
589 3270 656 3318 inter
671 3266 807 3338 prodigia,
825 3286 882 3338 qum
926 3289 1015 3321 saxeus
1036 3269 1121 3321 imber.
1148 3269 1241 3320 Cicero
1263 3268 1295 3320 de
1317 3269 1425 3320 Divina-

381 3348 524 3402 exscidinm
538 3345 649 3417 hujusce
661 3345 731 3396 urbis
745 3366 882 3417 praecesse·
926 3350 999 3401 tione
1011 3349 1051 3416 11,
1070 3348 1221 3420 nSanguine
1234 3347 1332 3419 pluisse
1347 3365 1426 3400 sene-

381 3441 450 3481 rtrnt.
470 3456 505 3466 —
520 3425 658 3500 Aversiqne
672 3427 722 3477 ruis
738 3423 883 3480 decursibus
925 3431 964 3482 tui
974 3430 1121 3480 nuntiatum
1133 3441 1179 3480 est.
1190 3451 1202 3474 ι
1214 3426 1424 3494 uetustiora,

381 3525 477 3560 ornnes.
491 3504 532 3556 ste
546 3504 645 3555 Plinius
656 3503 689 3556 de
700 3503 788 3558 Tiberi
801 3523 881 3556 erun·
928 3509 1042 3558 «Prreter
1057 3505 1127 3573 hnc,
1143 3508 1243 3579 inquit,
1258 3505 1368 3559 relatum
1386 3519 1426 3558 est

382 3586 604 3639 denteHist.Nnt.
614 3585 728 3656 lll,cep.
738 3601 769 3653 9,
779 3584 880 3651 «Quin-
924 3587 951 3638 in
966 3601 1152 3652 monumenta,
1170 3588 1294 3639 inferiore
1309 3585 1371 3638 caelo
1385 3585 1426 3638 la-

380 3670 461 3721 immo
480 3677 551 3716 vetes
569 3662 721 3734 intelligitur
738 3666 827 3736 potius
849 3684 880 3718 ae
925 3676 966 3718 ete
985 3678 1010 3716 et
1033 3667 1160 3736 sanguine
1177 3665 1306 3736 pluisse·
1330 3663 1424 3731 ldem,
1447 3699 1449 3704 -

381 3747 506 3807 monitor,
525 3753 602 3793 encta
622 3759 724 3812 semper
743 3741 879 3812 religiosus
923 3743 968 3795 lib.
980 3745 1033 3810 Vl,
1049 3742 1111 3796 Belli
1128 3743 1230 3796 Maced.
1254 3744 1423 3796 :Terracina

379 3825 479 3887 nerins,
500 3839 577 3892 quam
596 3839 707 3872 sevus·
727 3822 879 3874 -Sidera-
923 3836 950 3875 et
968 3823 1093 3874 Amiterni
1112 3824 1260 3875 nuntiatum
1280 3837 1334 3888 est,
1352 3822 1423 3894 lapi-

380 3921 438 3975 que.
457 3903 550 3970 lgnotn
566 3898 649 3950 sidera
670 3917 797 3970 apparere
813 3913 880 3952 tem·
925 3899 1004 3952 dibus
1024 3899 1165 3972 aliquando
1182 3902 1315 3974 pluisse·
1334 3901 1425 3969 ldern,

379 4000 446 4055 pore
457 3979 520 4032 belli
533 3979 704 4030 certissimum
722 3991 776 4043 est,
790 3992 816 4030 et
827 3979 880 4031 fre·
925 3979 970 4032 lib.
985 3983 1012 4044 l,
1030 4005 1040 4027 ι
1053 3981 1207 4034 Nuntiatum
1223 3983 1278 4052 regi
1291 3981 1425 4054 patribus-

382 4065 488 4136 qnentia
501 4059 611 4112 fulmina
625 4059 688 4110 lieri.
700 4089 736 4099 -
749 4061 819 4110 Inter
832 4079 880 4112 cae·
927 4079 978 4132 que
992 4073 1047 4126 est,
1065 4061 1092 4111 in
1106 4076 1196 4116 monte
1209 4061 1314 4115 Albano
1328 4059 1425 4134 lepidi-

380 4155 436 4195 tera
447 4137 628 4214 prodigiorum
638 4157 733 4208 genera
744 4139 882 4190 duriorum
926 4140 977 4192 bns
992 4139 1099 4212 pluisse.
1111 4166 1122 4189 ι
