3256 5160
390 568 458 650 426
627 569 662 633 P.
689 570 724 634 P.
750 569 905 637 STATll
930 571 1207 639 THEBAIDOS

436 697 568 766 Planxit
577 697 621 766 ab
634 697 815 770 Isthmiaco
827 701 970 791 genitrix
981 697 1144 770 Thebane
1156 700 1332 794 sepulcro:

441 809 728 904 Noctivagumque
739 833 893 902 gregem,
906 812 1059 904 quamvis
1072 810 1134 880 sibi
1147 809 1259 904 luget,
1274 813 1412 884 Eleusin

436 919 560 1001 Flevit,
574 936 607 988 et
618 943 760 990 arcanos
772 921 963 990 errantibus
976 920 1096 990 extulit
1109 924 1214 1015 ignes.

434 1036 512 1125 lpse
524 1056 585 1125 per
595 1055 732 1102 aversos
745 1030 839 1100 ducit
849 1036 1002 1102 Saturnis
1014 1033 1138 1116 colles,

433 1143 655 1240 Occultatque
669 1147 751 1230 vias,
765 1169 808 1214 ne
819 1144 916 1239 plebs
929 1170 1109 1239 congresse
1122 1171 1261 1216 suorum
1388 1161 1437 1214 135

434 1259 488 1322 ire
500 1269 605 1338 vetet,
622 1271 806 1350 pereatque
818 1257 963 1348 ingentis
975 1255 1082 1350 glorie
1094 1259 1205 1349 coepti.

433 1367 502 1430 Nec
514 1387 583 1432 non
595 1363 712 1432 functa
723 1362 851 1434 ducum
862 1364 1037 1436 refovendi
1049 1389 1191 1458 corpore
1204 1389 1321 1438 cusum

424 1575 481 1628 131.
501 1576 533 1629 Ρ.
546 1596 572 1628 a.
587 1576 612 1627 1.
629 1576 743 1650 pesinis
764 1575 890 1630 Thebana
933 1575 1041 1630 Eleusin
1049 1591 1137 1630 tutem
1145 1577 1221 1630 loeus
1229 1580 1336 1645 Assios,
1347 1579 1373 1630 in
1384 1597 1438 1650 quo

382 1653 528 1726 sepulchro.
552 1657 609 1708 Pnt.
627 1658 889 1730 qeniertxabena.-
933 1675 1009 1709 saera
1032 1654 1236 1710 celebrabuntur
1258 1658 1284 1709 in
1308 1656 1438 1710 bonorem

383 1734 526 1790 Isthmiaco
542 1735 667 1808 sepulcro.
690 1733 721 1787 ld
736 1749 790 1802 est,
808 1736 889 1788 Peles·
932 1737 1045 1790 Cereris.
1057 1735 1378 1807 Agebantursutemcum
1386 1756 1440 1790 me·

386 1815 471 1866 monis
481 1813 578 1885 sepulti
591 1816 619 1866 in
635 1812 735 1866 Isthmo
749 1813 887 1888 eSisypbo
932 1818 1001 1868 ximo
1009 1817 1083 1869 luctu
1096 1828 1122 1868 et
1133 1815 1279 1869 ululatibus
1287 1817 1322 1868 ob
1332 1831 1438 1888 raptum

383 1910 453 1962 rege.
466 1893 630 1946 -Genitrix
644 1891 776 1945 Thebana.
788 1894 887 1945 Leuco-
933 1896 1103 1968 Proserpina.
1120 1896 1196 1949 Unde
1211 1895 1290 1968 lupet-
1304 1893 1375 1949 Nihil
1388 1915 1439 1948 no-

383 1969 462 2037 thoe,
484 1988 531 2024 seu
549 1974 611 2039 lno,
629 1972 722 2023 Cadini
741 1971 802 2024 lilia.
826 1973 887 2024 tiaec
933 1977 993 2028 tius.

382 2047 455 2100 clara
469 2068 501 2102 ex
514 2049 734 2124 precedentibus.
971 2056 1029 2110 13³.
1048 2055 1146 2121 fleuit,
1161 2069 1187 2110 et
1204 2073 1312 2110 arcanos
1325 2057 1438 2110 munti·

421 2127 479 2180 132.
492 2129 546 2182 Sibi
562 2128 644 2202 111911,
659 2127 778 2181 Eleusin·
791 2128 855 2198 Reg·
869 2127 889 2178 Β
933 2135 978 2186 bus
994 2134 1091 2187 extulit
1107 2136 1186 2207 ipnes.
1209 2133 1291 2187 Flebit
1308 2146 1335 2186 et
1347 2135 1439 2186 amani

382 2207 494 2279 prebet,
508 2208 627 2281 quamuis
641 2206 757 2260 sublucet
772 2207 888 2268 Eleusis:
933 2212 1270 2286 codd,Lindenb1-03ii,..
1283 2217 1347 2284 neg,
1360 2212 1438 2265 Rha.

382 2289 604 2361 lisposuerim
618 2287 677 2341 lect.
692 2289 737 2340 En·
750 2287 888 2342 -Νοοίὶ-
930 2292 976 2346 bet
989 2293 1074 2347 Flebit
1090 2304 1129 2360 et,
1141 2307 1192 2347 ete.
1206 2296 1270 2365 Reg.
1284 2291 1307 2344 G
1319 2305 1438 2346 nostruin

379 2385 536 2440 nuptamque.
565 2365 705 2419 Mulierum
732 2368 887 2438 hegisurum
930 2371 1438 2444 leet.En.-Arcunos.Evulgsreenim

380 2465 487 2520 gregem
501 2446 640 2518 significet.
657 2447 831 2521 Noetivapum
846 2447 888 2499 id·
930 2454 1005 2506 nefus
1018 2466 1073 2508 eret
1085 2472 1115 2506 ee
1129 2473 1187 2525 qun
1200 2451 1275 2505 iubis
1287 2455 1438 2520 secrissge·

381 2547 429 2595 eo,
441 2529 505 2600 quis
516 2539 662 2600 quaeoentes
676 2529 828 2581 meritorum
841 2547 887 2582 es·
930 2544 1028 2584 rentur.
1040 2531 1302 2586 Vide'l'ertullisnum
1310 2532 1437 2586 adversus

380 2607 478 2660 devera
489 2622 569 2661 noete
582 2620 713 2680 sugantur
727 2609 840 2660 incerte.
850 2638 886 2650 -
930 2612 1131 2666 Valentinianos
1143 2631 1203 2684 cup.
1213 2613 1374 2682 horiginem
1388 2611 1438 2663 bo-

379 2687 436 2742 Siln'
447 2686 521 2763 lupet
530 2687 646 2741 Eleusin.
655 2686 885 2754 Quidnmcodiees
930 2712 988 2744 rum
1001 2712 1136 2746 sectorum
1153 2692 1214 2746 vide
1229 2691 1302 2766 spud
1314 2692 1438 2744 Clemen-

380 2764 494 2832 babent,
519 2766 627 2820 Eleusis.
660 2767 808 2839 Utrumque
832 2765 884 2820 diei
931 2783 983 2823 tem
995 2770 1121 2824 Alexand.
1140 2786 1204 2838 supp
1219 2782 1437 2840 rpsspsaeessp,nt

378 2847 544 2916 grammatici
552 2846 883 2917 mouenhserviusGeorg.
929 2849 962 2903 de
976 2849 1112 2918 Arnobio,
1124 2849 1255 2918 Eusebio,
1272 2849 1383 2920 aliisque
1395 2862 1437 2901 ts·

379 2927 398 2978 l.
410 2924 501 2978 uTalis
509 2939 548 2978 est
556 2928 615 2979 etin
626 2925 722 2978 Graeeis
731 2927 806 2978 ratio.
815 2927 884 2978 Nem
929 2945 1013 2979 essm.

379 3005 448 3058 Attis
468 3019 494 3057 et
514 3007 588 3060 Attin
607 3005 712 3068 dieunt,
730 3002 841 3076 delphin
859 3017 885 3056 et
969 3005 1027 3072 134.
1037 3005 1098 3078 Ipsa
1106 3025 1156 3078 per
1167 3023 1276 3060 avenes.
1288 3003 1355 3058 Edd.
1370 3018 1435 3060 vett.

379 3083 497 3157 delphis,
508 3085 615 3139 Eleusin
628 3099 654 3137 et
667 3084 775 3137 Eleusis.
784 3083 834 3138 Sed
844 3103 886 3136 ve·
929 3083 1061 3137 Aduersus.
1069 3087 1185 3138 -llane
1193 3084 1254 3137 lect.
1265 3083 1364 3136 hebent
1372 3085 1434 3155 lleg.

378 3165 885 3238 riusinNdesinunt,quodinohliquis
930 3163 990 3214 Bet
1007 3163 1070 3234 Reg·
1087 3163 1108 3214 C
1125 3193 1160 3204 —
1181 3164 1243 3235 Ipsa
1258 3181 1307 3236 per
1328 3180 1434 3218 auersos.

379 3244 479 3298 hubent
490 3245 610 3312 Altinae,
619 3244 774 3316 delphinos,
788 3246 887 3298 Eleusi·
929 3241 991 3312 lpse
1002 3243 1074 3293 luno
1083 3255 1109 3294 et
1121 3241 1179 3294 svis
1189 3239 1355 3295 monstrabat
1363 3243 1436 3294 itine-

378 3342 460 3376 nos.»
480 3324 579 3376 Similis
591 3323 674 3376 habes
689 3323 762 3397 apud
776 3325 886 3378 Priscis-
929 3337 972 3383 re,
985 3331 1013 3372 et
1030 3318 1168 3373 refovebat
1181 3337 1296 3392 corpore
1314 3331 1435 3372 mortno·

379 3423 443 3457 num
465 3405 511 3456 lib.
526 3405 642 3470 11,.Ει
661 3403 798 3456 sciendum
811 3403 883 3476 quod
929 3416 988 3451 rum
1004 3420 1011 3450 ε
1029 3398 1136 3452 mandet
1150 3397 1229 3453 simis]
1246 3415 1338 3450 eurem
1359 3395 1434 3460 nidi,

378 3484 502 3536 omninin
515 3484 551 3534 ΙΝ
561 3482 709 3536 desinentis
724 3484 802 3536 etiem
817 3484 844 3535 in
856 3484 885 3536 1s
929 3496 987 3550 qun
1005 3479 1144 3534 ambrosiis
1165 3482 1252 3533 succis
1274 3477 1437 3550 perfundens

377 3558 883 3635 preduetnliniuntur.,dttinproprium
929 3575 960 3610 ee
972 3558 1039 3610 solvi
1051 3557 1166 3611 vetabat.
1181 3561 1309 3612 Ltcrstm

378 3661 476 3694 nomen
485 3653 511 3694 et
520 3641 603 3706 Attis,
614 3639 724 3712 delphin
732 3653 757 3692 et
767 3640 882 3713 delphis,
967 3637 1024 3692 1³5.
1047 3636 1217 3711 Occultntque
1228 3639 1290 3691 nias.
1308 3636 1436 3690 occultus·

377 3720 485 3774 Eleusin
500 3732 526 3773 et
538 3720 656 3787 Eleusis,
665 3721 779 3774 Trachin
789 3723 884 3774 stTrs-
927 3737 977 3790 que
988 3719 1042 3770 vias
1054 3717 1157 3770 Bebott.
1174 3735 1197 3784 1,
1211 3734 1242 3784 2,
1254 3714 1333 3768 Aldd.
1349 3715 1434 3770 Colin.

376 3799 443 3852 cbis.
458 3801 491 3852 Et
504 3799 655 3852 notandum
669 3800 743 3873 qnod
759 3815 882 3856 suctores
926 3797 1007 3851 Besil.
1032 3811 1059 3850 et
1082 3797 1165 3850 Pleni.
1193 3795 1364 3868 Osculialque
1382 3795 1436 3848 vles

375 3879 882 3951 Grecos-unuinlSmagistenninutione
926 3878 994 3931 Dan.
1016 3879 1075 3930 Put.
1095 3881 1182 3932 Petev.
1199 3876 1298 3930 anlid.
1316 3878 1434 3948 Lipsien.

376 3961 419 4012 nsi
430 3961 481 4012 sint
493 3981 499 4010 ι
513 3962 597 4012 nostri
609 3979 671 4013 sero
678 3962 843 4032 frequentius
855 3963 882 4014 in
928 3959 1031 4012 Venett.
1039 3959 1070 4026 3,
1079 3958 1096 4026 4
1101 3995 1111 4023 ,
1121 3971 1147 4012 et
1154 3971 1300 4011 recentt.-
1306 3954 1436 4028 Nepleln.

377 4039 423 4090 ΙΝ.
435 4039 491 4090 Etsi
502 4037 594 4090 Cicero
607 4057 656 4110 pro
670 4040 769 4094 Scauro
782 4038 842 4090 Aris
856 4051 882 4092 et
927 4038 968 4092 Ne
984 4040 1127 4108 conjuncte
1142 4039 1300 4108 fugientium
1314 4035 1436 4088 multitu·

376 4118 442 4172 trin
450 4117 568 4172 dixerin-
579 4119 884 4190 Nequeeliterhmmis·
927 4118 962 4170 do
977 4137 993 4170 11
1007 4131 1097 4190 eoepto
1111 4117 1283 4174 deterreatur.
1302 4119 1380 4170 hor.
1400 4145 1403 4154 ,

377 4195 604 4252 nnsMarcellinus
618 4196 665 4250 lib.
680 4200 759 4251 xvu.
769 4201 883 4271 Pompo·
966 4201 1025 4270 137.
1034 4200 1091 4252 Nec
1101 4219 1155 4253 non
1157 4198 1255 4271 fisneta
1263 4199 1359 4250 dueum
1368 4195 1435 4269 sefo-

377 4279 437 4332 nius
457 4275 540 4344 Melt,
559 4279 674 4346 Seneca,
693 4277 807 4347 Plinius,
828 4278 880 4332 elii.
927 4280 1004 4336 vendi
1015 4299 1123 4352 corpora
1135 4299 1234 4336 mmm.
1249 4279 1353 4334 Bebntt.
1370 4296 1436 4348 ns,
