3196 5158
389 469 433 536 66
625 465 661 526 P.
686 464 720 527 P.
746 461 900 527 STATIl
924 461 1197 531 THEBAIDOS

479 592 661 685 Rumpitur
671 603 705 658 et
715 590 854 657 Graium
866 587 977 658 subito
989 612 1050 683 per
1061 608 1171 660 caetra
1181 593 1329 662 tumultu

357 731 360 736 ¹
433 701 639 772 Concilium:
655 700 741 792 fugit
752 715 907 768 externos
921 705 1050 768 Iocasta
1061 725 1122 794 pen
1133 701 1263 784 hostes,

433 819 509 883 Jam
522 833 591 880 non
602 833 685 880 ausa
695 831 813 903 preces
824 837 833 878 ι
845 827 956 893 nutas,
970 814 1144 906 ipsamque
1156 812 1325 906 repellunt
1378 826 1430 881 610

432 929 498 1014 Qui
509 923 611 994 modo
622 939 691 990 tam
702 925 815 1008 mites,
829 940 861 990 et
872 945 1023 1018 praecepe
1034 938 1185 1017 tempore
1196 925 1333 1019 Tydeus

433 1039 564 1104 Utitur:
584 1037 658 1102 alte
669 1057 745 1126 age,
756 1057 848 1102 nunc
859 1058 978 1126 pacem
990 1051 1135 1128 spemte,
1148 1033 1333 1131 fidemque!

432 1153 529 1216 Nune
540 1143 659 1214 saltem
670 1143 808 1212 differre
820 1144 1098 1237 nefesipotuitne
1109 1148 1233 1213 morari

429 1264 520 1326 Dum
531 1256 673 1348 genitrix
685 1253 822 1324 dimisse
834 1254 965 1324 militi»
982 1257 1034 1326 Sic
1045 1255 1133 1324 fatus
1143 1269 1260 1350 aperto

412 1389 415 1396 ’
430 1373 519 1436 Ense
530 1383 628 1436 vocat
638 1369 745 1436 socios
758 1391 766 1432 ε
781 1387 891 1434 suevus
899 1361 971 1458 jem
983 1364 1125 1448 clemor,
1139 1381 1172 1432 et
1182 1367 1241 1432 irae
1375 1376 1425 1430 615

429 1473 1355 1572 Hincatqueindecelentznullovenitondinebellum;

428 1587 633 1682 Confusique
646 1584 748 1655 duces
760 1585 878 1680 vulgo,
889 1604 924 1656 et
933 1586 1088 1681 neglecta
1098 1602 1275 1680 regentum

429 1700 573 1792 Imperia
585 1724 592 1765 :
604 1721 674 1766 una
685 1701 815 1794 equites
827 1701 940 1784 mixti,
952 1698 1172 1794 peditumque
1183 1715 1341 1780 caterve,

414 1935 476 1988 608.
486 1931 628 2006 Rumpiteu·
634 1943 661 1984 et
668 1932 777 1986 Graium
786 1935 880 2000 ruditu,
918 1936 985 2006 ser?
993 1937 1112 2008 potuitne
1122 1935 1227 1988 mereri.
1239 1934 1300 1987 linc.
1312 1935 1422 1988 Canteb.

379 2019 430 2067 ele.
455 2011 597 2082 Rumpitur
620 2026 677 2063 eece
698 2011 774 2084 praui
797 2013 879 2084 Leng.
924 2014 970 2068 ΝΕ
987 2012 1077 2066 saltem
1083 2051 1092 2081 ,
1114 2027 1139 2066 et
1161 2013 1301 2084 supralt’e
1314 2012 1423 2076 saltem,-

379 2091 478 2146 Buelid.
496 2095 584 2143 Peter.
602 2088 740 2162 plerique,
756 2103 782 2144 et
794 2090 879 2144 Plent.
923 2095 1031 2146 Taurin.
1045 2091 1124 2145 Atdd.
1144 2106 1170 2146 et
1185 2092 1269 2146 Colin.
1287 2094 1358 2146 Num
1372 2094 1424 2148 rat-

379 2173 519 2244 Rumpitur
527 2181 554 2222 et
565 2168 674 2222 Graium
686 2171 753 2222 Dan.
763 2173 879 2243 optimus
925 2183 989 2234 rem,·
1003 2171 1107 2225 liehott.
1124 2173 1187 2226 Nou
1199 2169 1291 2224 mitem
1307 2172 1422 2245 differte.

378 2248 877 2318 perminimum.1,2‚Gr0n0v.
921 2249 1050 2303 Nonnulli
1074 2248 1152 2302 codd.
1176 2251 1313 2323 potuitve,
1340 2265 1371 2304 ut
1395 2255 1422 2304 in

379 2328 512 2383 Barthien.
533 2340 560 2380 et
576 2327 672 2399 Delph.
692 2331 833 2402 Rumpitur
851 2342 878 2382 at
922 2326 999 2380 Aldd.
1011 2327 1131 2380 etColin.
1144 2326 1261 2380 ullivero
1270 2328 1422 2400 potuitque,

379 2409 489 2464 Gratum
501 2407 571 2476 conj.
584 2405 714 2458 Baebius.
725 2433 761 2448 ···
772 2408 879 2479 Rumpi·
923 2417 951 2458 ut
964 2405 991 2456 in
1003 2407 1112 2482 'l'tturitn¹
1119 2409 1225 2475 -lleg
1239 2407 1274 2473 B,
1285 2407 1359 2458 Num
1370 2406 1423 2460 rel·

377 2499 462 2542 turer
483 2485 601 2540 Graium.
624 2486 681 2538 Nec
702 2485 776 2538 dicer
799 2489 877 2538 etiam
923 2493 973 2536 tem
986 2484 1094 2557 differre
1109 2484 1291 2556 nesashebe13
1305 2489 1367 2558 neg.
1383 2488 1420 2556 C,

376 2567 546 2618 uectorem
553 2565 877 2635 Grecosrnemquoniam
920 2565 1000 2618 Nune
1011 2564 1105 2617 saltem
1123 2564 1245 2636 differte,
1260 2578 1310 2618 etr.
1325 2568 1371 2618 En.
1385 2597 1422 2608 -

375 2645 403 2698 hi
413 2645 491 2698 totiee
503 2641 578 2714 Tyrii
583 2655 721 2708 vocentur,
731 2643 824 2694 merito
834 2641 876 2695 hir
920 2643 999 2696 Nunc
1005 2643 1097 2698 mitem
1104 2644 1213 2716 differre
1222 2645 1303 2716 nefas.
1314 2646 1421 2700 Mallem

307 2739 314 2755 ³
375 2721 531 2777 diveruim'
540 2721 705 2788 ilexirGreii
714 2734 875 2788 statuuntur,
920 2722 1044 2784 Num5id
1056 2737 1188 2790 est,num
1199 2725 1321 2778 Eteocles
1332 2728 1422 2797 putuit

376 2818 402 2858 et
417 2815 547 2857 vocentur
559 2801 753 2872 Peloponnesii.
768 2803 876 2855 Notavit
920 2802 1029 2856 differre
1040 2806 1129 2871 nelei,
1142 2821 1206 2856 num
1222 2807 1311 2876 potuit
1325 2824 1420 2878 empe-

375 2899 401 2938 et
415 2885 553 2938 Centeme.
572 2882 691 2934 Gnouov.
920 2893 1005 2948 ctare,
1021 2880 1085 2934 dum
1097 2885 1208 2954 genitrix
1220 2883 1324 2937 dimitri
1336 2885 1421 2938 redit?

409 2965 470 3017 611.
493 2963 543 3034 Qui
558 2962 635 3016 mede
650 2973 703 3016 rem
715 2963 796 3016 mites.
811 2961 876 3032 Quae
919 2958 950 3011 ld
961 2974 1013 3024 eet,
1024 2960 1252 3033 tempromrund
1261 2962 1360 3016 melem
1369 2977 1421 3034 eet,
1462 3017 1466 3024 ,

375 3044 451 3094 ruodo
460 3039 540 3093 Aldd.
553 3039 638 3093 Gulin.
650 3053 675 3092 et
687 3038 763 3093 Resil.
775 3069 810 3082 ·-
822 3039 877 3112 Qui
920 3051 950 3090 ut
966 3043 1085 3110 quamvis
1101 3053 1184 3094 meter
1198 3041 1232 3094 eit
1243 3042 1271 3092 in
1287 3055 1420 3112 potestate

374 3105 514 3174 medo'tam
523 3117 606 3171 miter.
615 3119 711 3173 Senem
720 3139 726 3168 ε
736 3119 819 3172 cmi
829 3121 876 3190 qui
919 3113 1049 3184 hortium,
1062 3137 1116 3170 non
1132 3131 1221 3190 potest
1235 3137 1266 3172 ea
1277 3119 1318 3172 rel
1328 3121 1421 3174 tentil-

375 3197 456 3252 modo
469 3210 525 3249 tem
537 3197 613 3250 miter
624 3199 742 3263 fuerent,
756 3200 817 3250 viris
829 3199 876 3250 Jo-
918 3195 974 3248 lum
990 3199 1114 3269 temporie
1131 3197 1247 3251 differre.
1264 3201 1321 3252 Hoc
1335 3199 1419 3266 dicit,

373 3290 452 3332 certe
461 3288 488 3330 et
499 3274 611 3328 filiarum
621 3277 678 3345 ejus
688 3275 817 3344 lumimis,
828 3293 874 3330 au·
919 3276 1134 3346 quieAconteum
1141 3276 1260 3349 Phegeus
1270 3278 1418 3333 occidendo

373 3358 434 3412 ditis
445 3355 582 3430 precibus,
597 3355 681 3426 ipsam
696 3368 721 3406 et
735 3369 810 3408 natus
818 3359 874 3427 jem
918 3353 992 3424 spem
1003 3355 1077 3425 pacis
1089 3371 1193 3406 omnem
1205 3355 1382 3426 praecluserat.

374 3434 514 3508 repellunt.
835 3457 847 3473 ·
953 3434 1014 3501 614.
1034 3435 1131 3506 Aperte
1142 3454 1207 3489 eme.
1219 3437 1374 3508 Euaginato.

408 3511 625 3588 612.1teege.Ti
637 3513 874 3590 egeuingulurinu·
951 3514 1011 3569 615.
1032 3513 1119 3570 Savus
1136 3515 1244 3571 clamer.
1263 3519 1372 3572 noemia
1391 3535 1418 3574 et

373 3591 873 3666 mero‚edplurestemenpertinerepo-
917 3597 1005 3648 omnia
1017 3597 1139 3648 miscens.

372 3683 432 3724 teet.
443 3671 548 3724 servius
558 3669 592 3722 ud
601 3672 661 3722 AEu.
671 3673 707 3733 ll,
719 3685 784 3740 707:
798 3672 871 3742 uAge
951 3674 1012 3728 616.
1031 3674 1116 3728 Nullo
1126 3675 1198 3728 vem't
1209 3677 1297 3730 ordine
1306 3675 1415 3732 lelium.

372 3749 452 3802 modo
465 3769 520 3804 non
531 3761 570 3804 eet
581 3749 692 3804 verbum
703 3752 871 3823 imperantis,
916 3751 1031 3819 Scilicet,
1041 3771 1132 3826 pugna
1142 3755 1241 3825 geritur
1252 3755 1325 3809 nulle
1337 3757 1417 3812 disei-

370 3829 419 3884 eed
432 3829 585 3884 adverbium
600 3831 744 3900 hortantis,
759 3831 827 3884 adeo
840 3845 871 3884 ut
914 3831 997 3903 plina.

370 3908 528 3981 plerumque
542 3929 589 3984 epe
597 3909 682 3981 facite
695 3911 830 3977 dicemus,
844 3925 870 3965 er
950 3911 1011 3982 617.
1021 3911 1178 3986 Caesarique
1185 3912 1351 3988 dueeruulqo.
1360 3918 1416 3970 Tu·

370 3987 529 4058 singularem
551 4007 691 4043 numerum
713 3989 869 4064 copulemus
912 3989 997 4042 multu
1008 4009 1061 4043 uno
1070 3991 1415 4062 omuiaconfuudente,nec

369 4065 473 4138 plurali.
484 4089 496 4116 ι
911 4070 1051 4141 imperium
1063 4083 1167 4122 constet
1179 4069 1305 4138 ducibus,
1315 4092 1365 4127 nec
1375 4077 1415 4128 uf·

404 4145 464 4198 613.
485 4149 564 4201 Nune
583 4148 674 4202 saltem
695 4148 803 4222 differre
824 4171 868 4204 rre-
912 4149 1001 4204 licium
1013 4149 1147 4203 militibus.
