3256 5160
562 529 706 594 uranu
729 529 812 594 xu.
1145 529 1211 618 469

211 658 383 737 Nubibus,
396 671 430 724 et
441 658 586 723 tonitrus
598 657 784 750 insanaque
798 653 940 724 fulmina
952 653 1110 746 gaudent.
1160 666 1213 721 655

213 777 282 840 Icta
294 771 398 863 gemit
412 767 527 836 tellus:
542 765 665 836 virides
678 772 788 860 gravis
802 767 928 859 ungula
940 791 1078 858 campos

212 888 336 966 Mutat,
349 899 382 950 et
394 884 582 949 innumeris
594 880 815 976 peditumque
827 882 1049 976 equitumque
1061 882 1202 947 catervis

212 996 368 1088 Exspirat
381 996 543 1086 protritus
555 1016 650 1084 ager,
664 1015 728 1060 nec
739 990 879 1085 pulvere
894 1015 1007 1059 crasso

213 1112 392 1172 Armorum
406 1104 464 1172 lux
476 1107 565 1172 victa
576 1103 755 1196 perit,sed
768 1107 804 1170 iu
816 1103 940 1170 aetbera
955 1101 1094 1193 longum

214 1219 410 1308 Frangitur,
423 1232 457 1282 et
468 1214 586 1284 mediis
598 1215 719 1283 ardent
731 1219 765 1284 in
778 1214 926 1282 nubibus
938 1213 1055 1282 hastae.
1165 1225 1218 1279 660

213 1335 353 1398 Noctem
365 1327 465 1412 adeo,
479 1326 696 1424 placidasque
708 1333 801 1422 operi
811 1327 954 1423 junxere
967 1327 1138 1412 tenebras,

215 1445 461 1534 Certamenque
476 1443 623 1506 immane
635 1441 716 1506 viris
728 1491 736 1521 ‚
749 1462 818 1533 quo
830 1441 961 1506 concita
972 1436 1113 1505 tendant

212 1547 374 1644 dgmiua,
387 1553 464 1645 quis
477 1552 566 1618 visas
580 1549 767 1642 proclamet
778 1549 821 1616 ab
832 1573 954 1641 aggere
965 1548 1117 1630 Thebas,

214 1656 319 1750 Cujus
331 1662 364 1726 iu
378 1662 509 1752 Ogygio
520 1675 586 1728 stet
597 1662 754 1752 princeps
769 1659 886 1726 lancea
897 1682 1005 1726 muro.

261 1775 304 1836 At
314 1769 432 1862 procul
447 1771 574 1861 ingenti
586 1771 780 1861 Neptunius
788 1770 922 1861 agmina
933 1765 1086 1834 Theseus
1168 1775 1220 1830 665

215 1888 381 1973 Angustat
391 1879 517 1973 clipeo,
530 1883 744 1975 propriaeque
754 1878 892 1948 exordia
903 1877 1029 1960 laudm,

215 2001 360 2063 Centum
371 1994 471 2063 urbes
483 1993 632 2062 umbone
645 1996 747 2085 gerit,
762 2011 970 2088 centenaque
981 1997 1088 2060 Cretae

170 2189 247 2244 σωείε.
260 2192 325 2261 neg.
338 2189 464 2258 Bbabet‚
479 2193 566 2255 ocrim
576 2190 674 2262 nepe
720 2191 824 2258 Herba,
839 2209 896 2263 quae
911 2190 1024 2262 protrita
1036 2189 1146 2239 incursu
1161 2185 1225 2239 belii

170 2281 287 2320 nostram
302 2269 363 2320 ieet.
374 2270 421 2321 En.
435 2300 472 2310 —
485 2270 576 2323 Undoe.
589 2269 675 2322 Effusi
720 2291 775 2324 nou
788 2274 912 2324 nascitur.
932 2273 1063 2322 Lucrina.

171 2346 269 2400 imbres
281 2359 308 2398 et
321 2348 485 2400 exundantes
498 2350 581 2400 fluvii.
591 2353 674 2400 Vetus
755 2352 817 2404 660.
843 2350 988 2424 Franqitur.
1016 2349 1162 2420 Crispotur.
1188 2377 1224 2387 -
1281 2385 1285 2394 .

171 2423 258 2478 Schol.
281 2427 343 2477 Haec
366 2440 427 2478 sunt
451 2427 544 2480 hiemis
566 2427 673 2479 indicia.
720 2428 829 2481 Ardent.
845 2427 999 2500 splendent.
1017 2428 1146 2480 Lucrina.

170 2509 273 2559 Auctor
290 2509 444 2581 panegyrici
464 2507 504 2578 (si
521 2510 560 2562 sic
580 2527 676 2561 vocate
757 2508 818 2561 661.
829 2509 910 2561 Adeo.
923 2510 953 2558 ln
967 2521 1079 2559 tantum.
1089 2534 1126 2544 -
1137 2504 1223 2574 Operi.

171 2583 252 2651 tibet,
273 2604 357 2657 quum
376 2601 465 2639 tamen
484 2586 511 2638 id
533 2605 640 2639 carmen
661 2605 676 2639 a
721 2588 824 2639 Itineris
837 2586 1021 2658 magnitudini.
1040 2586 1167 2637 Lacutur.

172 2667 332 2738 Panegyrico
357 2666 436 2738 longe
457 2669 543 2740 absit)
566 2670 676 2721 Lucano
756 2666 818 2722 662.
841 2671 885 2741 cq.
901 2671 917 2720 i.
938 2689 961 2720 u.
980 2685 1030 2739 quo
1044 2665 1147 2718 concita
1166 2675 1224 2714 ten-

171 2743 313 2816 adscripti:
325 2746 396 2797 uVer
406 2748 474 2818 fugit
482 2762 594 2812 aestates,
602 2760 677 2800 aesta·
721 2749 794 2801 dunt.
802 2750 866 2818 Reg.
876 2747 1014 2819 Bprubet‚
1026 2745 1149 2804 tendum
1159 2745 1223 2814 fleg.

172 2839 229 2876 tum
241 2837 315 2896 terga
328 2823 433 2877 lacessit
444 2829 559 2879 Pomifer
571 2839 677 2878 autum·
721 2828 743 2879 C
756 2841 872 2880 uostram
887 2827 947 2880 lect.
964 2829 1010 2879 Eu.
1022 2855 1055 2866 -
1069 2826 1125 2895 Quo
1138 2823 1226 2874 conci-

172 2922 236 2970 nus,
246 2901 342 2956 nimbis
353 2921 475 2957 cessurus
486 2919 511 2957 et
522 2905 625 2956 undin-
637 2906 676 2956 Eo
723 2917 749 2958 tu
760 2906 869 2959 tendant
878 2906 1001 2978 Aqmina.
1012 2903 1099 2968 idest,
1108 2916 1138 2953 ut
1146 2903 1227 2974 agmi-

172 2981 286 3050 seducit
305 2979 371 3032 iliud
386 2983 500 3035 Orientii
514 2985 614 3049 nostri,
629 2983 678 3033 Di·
722 3005 758 3038 na
771 2989 851 3038 citato
862 2987 966 3038 incessu
977 2982 1153 3037 contendunt.

172 3059 258 3114 sticho
277 3059 340 3113 165:
357 3056 464 3113 aNerno
479 3064 537 3114 vias
549 3059 678 3132 pedibus,
758 3065 819 3131 664.
841 3068 920 3137 Cujus
934 3066 962 3117 in
981 3066 1082 3137 quqio
1096 3075 1143 3116 stet
1152 3062 1227 3134 prin-

172 3141 288 3193 brumali
313 3154 456 3212 tempore,
483 3158 594 3212 carpens
617 3140 679 3190 Non
724 3164 782 3216 ceps
794 3144 884 3197 lancea
896 3161 979 3199 eiuro.
994 3144 1109 3216 Cujmr'n
1126 3143 1227 3217 quqio

123 3223 132 3234 “
173 3240 282 3292 sparsus
304 3217 412 3290 pluvia,
435 3239 492 3274 uon
514 3219 679 3273 madefactus
720 3223 841 3297 princeps
861 3235 908 3276 stet
930 3219 1021 3274 iancea
1043 3223 1167 3274 Heinsius
1191 3217 1226 3272 ad

174 3303 255 3353 erin·
277 3301 373 3350 Binan.
723 3303 802 3358 Ovid.
823 3304 894 3356 Fam.
913 3306 953 3371 11,
977 3301 1038 3373 7¹4·
1056 3332 1093 3344 ·-
1116 3302 1226 3374 quqio.

210 3378 270 3431 656.
297 3379 354 3432 Icta
373 3378 464 3454 qemit.
487 3377 542 3432 sub
564 3375 679 3450 pedibus
723 3382 863 3435 Thebano.

176 3479 316 3532 equorum.
759 3461 821 3515 665.
843 3459 999 3533 Neptunius.
1027 3461 1153 3530 Neptuno
1179 3477 1227 3529 gc-

210 3539 271 3609 657.
292 3543 397 3604 Mutat,
417 3551 442 3591 ct
453 3540 612 3605 innumeris,
627 3551 678 3591 etc.
723 3541 805 3592 nitus.

175 3618 270 3670 Aueria
284 3617 428 3670 innumeris
443 3616 535 3670 Eehot.
558 3635 580 3684 1,
596 3618 678 3688 Lanq.
760 3621 821 3674 666.
841 3619 875 3673 A.
897 3637 920 3671 c.
940 3620 1102 3692 propriaeque
1122 3619 1227 3670 exordia

175 3695 291 3768 Lipsiau.
303 3695 383 3747 Aldd.
396 3696 473 3749 basil.
486 3711 511 3749 et
523 3698 607 3749 Plana.
619 3699 680 3748 Mu·
725 3699 818 3752 laudis.
840 3699 898 3750 Put.
921 3716 952 3748 ex
972 3697 1062 3748 ordine
1083 3697 1174 3750 laudis.
1193 3726 1228 3738 -

176 3785 215 3826 tat
230 3784 256 3824 et
272 3775 415 3829 innumeris
430 3778 497 3829 Dan.
513 3779 571 3828 Put.
586 3775 679 3828 Bebot.
724 3780 787 3850 Beq.
803 3777 915 3831 Bhabet
923 3777 992 3830 hanc
1002 3774 1064 3828 lect.
1076 3776 1140 3847 Reg.
1151 3777 1228 3827 Cno-

177 3873 209 3921 α,
224 3857 302 3909 Cruc.
315 3870 342 3909 et
355 3871 465 3909 recenti.
476 3885 511 3898 -
522 3859 618 3910 Mutat.
633 3859 680 3909 At·
725 3875 816 3912 stram.
829 3859 876 3908 En.
886 3887 923 3896 —
933 3857 1071 3929 Anpustat.
1083 3855 1111 3908 ld
1124 3869 1178 3922 eat,
1190 3857 1229 3908 in·

178 3938 247 3988 terit.
267 3937 396 3988 Lacaena.
726 3937 810 3991 cludit
823 3935 955 4007 insculpto
968 3937 1040 3988 brevi
1054 3937 1150 4008 clipeo.

212 4015 274 4067 658.
289 4015 321 4066 Ε.
334 4035 363 4088 p.
375 4037 400 4068 a.
414 4035 461 4068 nec
469 4014 577 4088 pulvere
589 4033 679 4068 crasso.
761 4017 823 4088 667.
845 4018 952 4069 Centum
968 4017 1039 4068 urbes
1056 4018 1168 4069 umbone
1183 4035 1230 4087 ¹qe-

177 4094 236 4144 Put.
254 4092 361 4165 puluere
374 4113 469 4166 presso.
482 4125 518 4135 —
529 4097 605 4146 Hanc
619 4094 680 4147 lect.
727 4097 776 4162 rit,
790 4107 951 4168 centenaque
962 4096 1040 4147 Cretoe
1049 4095 1158 4146 Moenia.
1168 4093 1230 4144 Cre·

179 4176 242 4245 fleg.
262 4176 298 4240 B,
316 4175 416 4245 Repe
435 4191 562 4228 nostram.
581 4178 626 4228 En.
646 4206 682 4216 -
726 4191 754 4229 ta
776 4179 846 4230 enim
867 4191 975 4228 centum
996 4175 1076 4228 urbes
1097 4175 1235 4242 habebat,

177 4254 309 4328 Exspirat.
318 4256 679 4329 Pulveremeruittit.-Aqer.
726 4256 798 4308 unde
810 4253 958 4310 inanimus:
971 4255 1050 4307 dicto.
