3256 5160
652 573 793 638 amau
818 572 845 637 1.
1203 570 1269 658 ⁴89

264 710 378 792 Quum
389 699 505 770 Thetis
518 699 643 782 ldaeos,
658 697 726 768 heu
739 720 916 792 nunquam
929 719 1015 764 vana
1027 711 1210 788 parentum
1235 705 1269 762 25

266 817 427 909 Auguria!
442 815 576 906 expavit
588 813 695 878 vitreo
710 808 774 878 sub
787 811 919 901 gurgite
932 829 1056 875 remos.

264 931 334 994 Nec
346 949 457 993 mora:
473 940 507 991 et
518 908 658 990 undosis
670 921 770 988 turba
782 923 964 988 comitante
975 941 1131 986 sororum

266 1037 425 1106 Prosiluit
436 1033 610 1103 thalamis:
624 1033 756 1100 fervent
768 1034 925 1100 coeuntia
937 1030 1062 1124 Phryxi

264 1154 393 1234 Litora,
410 1167 443 1216 et
455 1163 637 1240 angustum
650 1146 806 1215 dominas
819 1169 889 1212 nou
901 1143 1047 1238 explicat
1058 1165 1185 1239 aequor.

267 1260 328 1329 llla
341 1259 399 1329 ubi
413 1259 566 1328 discusso
578 1260 729 1351 primum
742 1256 832 1324 subit
842 1279 921 1323 aera
933 1271 1055 1349 ponto:
1235 1262 1272 1318 30

270 1405 284 1434 ι
300 1378 355 1440 Me
366 1373 450 1466 petit
461 1370 551 1453 haec,
564 1369 647 1438 mihi
660 1368 776 1437 classis
787 1420 796 1451 ‚
808 1371 871 1450 ait,
888 1368 1021 1435 funesta
1034 1366 1201 1432 minatur:

266 1489 420 1574 Agnosco
432 1483 596 1562 monitus,
611 1495 645 1547 et
657 1485 777 1546 Protea
789 1502 868 1546 vera
881 1475 1045 1544 locutum.

266 1598 352 1662 Ecce
364 1617 487 1661 novam
499 1595 648 1674 Priamo,
662 1589 791 1658 facibus
804 1587 846 1657 de
859 1612 975 1684 puppe
988 1587 1124 1670 levatis,

267 1709 345 1773 Fert
356 1705 491 1773 Bellona
503 1729 646 1772 nurum:
659 1700 757 1770 video
767 1698 838 1794 jam
849 1699 942 1768 mille
955 1700 1077 1766 carinis

267 1822 415 1902 lonium,
430 1822 649 1912 AEgaeumque
660 1817 787 1909 premi:
801 1839 865 1883 nec
877 1812 1019 1892 sufficit,
1032 1811 1143 1877 omnis
1237 1817 1273 1873 ³5

258 2055 299 2112 25.
328 2059 417 2129 Quum
439 2058 527 2111 Thetis
547 2057 637 2111 Idoeos.
659 2058 723 2126 lieg.
769 2055 838 2108 cibus
849 2055 881 2108 de
890 2071 980 2127 puppe
994 2049 1091 2104 leuatis.
1106 2046 1227 2100 Alluaum
1241 2042 1277 2098 ad
1300 2091 1301 2096 ,

218 2136 345 2203 libaber,
360 2139 445 2209 Quum
459 2136 546 2190 Thetis
557 2137 647 2198 Ictaetn
659 2139 724 2206 Reg.
770 2153 871 2186 morem
883 2130 984 2184 faculae
999 2129 1032 2182 de
1044 2147 1135 2200 puppe
1150 2125 1276 2178 attollen-

220 2219 369 2272 Cnostram
382 2219 441 2271 lect.
454 2223 500 2273 Eo.
511 2249 543 2260 -
557 2218 654 2271 Thetis.
664 2218 725 2269 Ma·
771 2211 812 2275 di;
825 2211 898 2284 quod
909 2224 964 2263 erat
975 2211 1077 2279 signum
1090 2203 1275 2275 navigationis.

221 2312 261 2351 ter
272 2299 527 2355 Achillia—Idem.
539 2299 569 2351 td
579 2312 632 2364 est,
644 2297 726 2370 Pbry—
770 2294 843 2362 Virg.
859 2293 917 2343 AEu.
933 2292 979 2353 lll,
992 2307 1017 2340 v.
1031 2287 1090 2340 518.
1111 2285 1277 2354 «Postquam

219 2379 293 2448 flios,
312 2397 358 2430 seu
376 2381 521 2450 Trojanoe,
540 2378 574 2430 ab
592 2377 638 2429 lda
658 2374 725 2430 cele·
771 2383 865 2424 cuncta
876 2368 948 2422 videt
957 2367 1021 2420 celo
1031 2375 1153 2418 constare
1167 2379 1278 2425 sereno,

218 2456 335 2512 berrimo
348 2472 437 2510 monte
448 2456 570 2509 Troadis.
770 2451 823 2504 Dat
836 2449 935 2502 clarum
948 2465 962 2500 e
975 2446 1060 2518 puppi
1074 2445 1187 2513 signum.
1199 2462 1210 2486 ι
1223 2437 1276 2490 Ubi

257 2557 299 2609 27.
318 2542 449 2593 Sororum.
464 2538 617 2591 Nereidum.
770 2527 889 2580 Servius:
905 2524 1035 2577 «Clarum
1054 2523 1158 2592 signum
1172 2541 1178 2570 ι
1199 2518 1277 2569 facu-

257 2622 299 2675 28.
320 2621 453 2676 Commio.
473 2619 543 2688 Quia
560 2621 631 2670 coire
644 2616 725 2688 longe
770 2603 823 2656 lam
844 2594 954 2656 eleiavit
969 2624 974 2654 :
989 2615 1031 2668 ut,
1046 2601 1104 2652 AEn.
1120 2599 1157 2663 ll,
1171 2615 1196 2648 v.
1210 2594 1275 2648 256:
1375 2651 1379 2664 ι

219 2701 399 2767 intuentibus,
415 2715 441 2752 et
455 2700 580 2771 conjungi
594 2695 723 2750 videntur.
773 2683 924 2736 ·Ftammas
938 2700 1020 2754 quum
1033 2680 1104 2748 reaia
1117 2677 1214 2747 puppis
1226 2675 1278 2726 Ex·

257 2799 299 2850 ²9·
319 2783 464 2854 Anqustum
477 2778 726 2852 aequor,0bf2110‚
771 2764 900 2816 tulerat.»
928 2763 1005 2816 cont.
1033 2771 1102 2811 nost.
1120 2761 1190 2826 Virg.
1211 2752 1275 2806 edit.

220 2879 282 2912 nem
312 2879 392 2931 supra
422 2857 724 2912 dictam—Dominae.
771 2845 891 2908 mut-ll,
911 2860 972 2912 pag·
988 2839 1108 2906 416·Εο-

220 2941 291 2992 Deas
308 2937 453 3011 Nymphas.
807 2923 850 2988 34.
873 2920 992 2974 Bellona.
1015 2917 1156 2988 Eleganter
1175 2913 1278 2966 inducit

259 3021 301 3072 31.
321 3023 359 3072 M.
374 3040 401 3092 p.
423 3019 448 3070 b.
468 3037 504 3069 m.
523 3037 545 3070 e.
567 3016 606 3069 ait
617 3016 725 3087 funesta
768 3001 904 3058 Bellonam
926 3000 1067 3052 dueentem
1088 3013 1183 3047 nurum
1204 2994 1278 3046 Pria-

221 3099 345 3150 minatur.
373 3095 452 3148 Aldd.
481 3095 566 3149 Colin.
594 3093 670 3146 Basil.
700 3107 727 3145 et
771 3099 832 3146 ¹³⁰2
850 3081 912 3152 qnia
933 3079 995 3130 inde
1017 3075 1142 3130 ffiftlffl
1163 3072 1278 3125 dssbebai

220 3178 306 3230 Plant.
315 3177 421 3249 fittiesta
429 3187 546 3248 paratur,
558 3170 726 3244 improbante
771 3161 963 3219 atrocissimum
970 3151 1279 3210 bellum-Militem?-

221 3258 338 3310 Barthio.
347 3287 380 3296 -
390 3259 435 3306 Me
441 3256 515 3328 petit.
527 3255 595 3322 Quia
605 3253 632 3302 in
644 3250 726 3316 hello,
771 3245 818 3296 nis·
830 3241 952 3298 Totidem
965 3241 1034 3292 enim
1047 3255 1128 3290 naves
1140 3232 1277 3288 habebant

221 3337 294 3409 quod
307 3337 342 3388 ob
355 3332 603 3405 raptantpllelenam
625 3328 727 3380 confla·
770 3323 864 3375 Greci.
878 3319 1019 3390 Virgilius,
1036 3319 1095 3370 AEu.
1112 3317 1150 3378 ll,
1167 3332 1191 3364 v.
1212 3313 1277 3382 ¹983

222 3430 278 3468 tum
294 3431 346 3481 est,
360 3413 475 3466 Achilles
491 3413 576 3484 periit.
774 3405 857 3456 :Non
872 3403 932 3454 anni
952 3400 1080 3453 domuere
1097 3396 1205 3458 decem,
1224 3411 1279 3444 non

257 3499 300 3550 32.
317 3498 435 3570 Aqnosco
449 3494 575 3556 monitus,
590 3500 616 3543 et
631 3493 726 3542 Protea
771 3483 842 3535 mille
859 3485 984 3534 carine.»
1002 3481 1039 3532 Ex
1056 3477 1163 3529 Homeri
1176 3472 1281 3527 Catulo.-

222 3599 280 3633 vera
291 3581 416 3632 locutum.
426 3577 581 3628 Praedixerat
589 3576 658 3626 enim
667 3574 727 3624 Pro-
771 3583 806 3634 go
819 3564 908 3636 plures
921 3563 1002 3614 luisse
1013 3557 1170 3628 colligimus.

221 3671 279 3710 teus
288 3655 408 3720 Thetidi,
423 3669 449 3706 et
459 3653 579 3706 Paridem
589 3667 728 3723 rapturum
808 3651 851 3704 35.
871 3649 984 3704 Ionium.
1000 3649 1039 3700 De
1051 3645 1127 3698 lonio
1140 3643 1205 3693 mari
1219 3639 1280 3693 vide

221 3737 364 3801 Helenam,
378 3747 405 3786 et
418 3733 480 3785 inde
498 3734 654 3784 acerrimum
671 3729 727 3782 bel·
771 3733 890 3798 Thebi,
901 3723 1281 3802 td.-AE9oeumqne.Demari

221 3815 276 3868 lum
288 3816 430 3867 conflatum
441 3815 483 3878 iri,
494 3832 547 3884 quo
556 3811 628 3864 bello
637 3809 727 3863 Achil·
771 3813 858 3882 AEssaeo
871 3809 932 3862 vide
942 3805 1026 3860 Theb.
1043 3809 1076 3869 V,
1092 3803 1135 3872 49.
1146 3830 1182 3842 --
1191 3801 1281 3853 Οιιιιιὺ

222 3895 613 3968 lesperiret.Quumenimpara
623 3909 726 3958 eorum,
768 3891 850 3964 playa
874 3889 1058 3964 Grajuyenum.
1086 3883 1179 3936 Omnis
1208 3882 1280 3932 euim

222 3991 280 4044 que.
296 3973 447 4043 predixerat
459 3974 583 4036 Proteus,
594 3972 650 4040 jam
664 3988 725 4026 eve·
769 3971 870 4022 Gracia
882 3969 975 4020 sumsit
984 3983 1055 4017 arma
1066 3962 1100 4015 ad
1110 3957 1281 4032 repetendam

221 4054 318 4116 nisset,
329 4053 460 4119 conjicere
472 4048 601 4114 debebat,
612 4061 637 4100 et
649 4060 726 4099 cete·
770 4046 912 4112 Helenam,
925 4047 1013 4116 etjam
1029 4053 1105 4094 antea
1124 4040 1214 4091 cuncti
1226 4039 1281 4089 fere

221 4147 251 4180 ra
266 4140 388 4179 eventura
403 4149 410 4179 :
429 4126 492 4180 inde
511 4141 596 4178 metue
611 4143 725 4195 proauo
769 4129 902 4200 principes
914 4124 948 4177 ad
958 4124 984 4176 id
997 4131 1165 4175 sacramento
1177 4137 1205 4171 se
1220 4115 1282 4168 ade·

221 4207 331 4268 Achille.
770 4219 877 4278 gerant,
886 4223 967 4278 quum
981 4199 1104 4254 Menelao
1113 4197 1214 4251 Helena
1222 4213 1281 4250 mu·

258 4289 301 4343 3³.
316 4289 433 4342 Priamo.
441 4287 543 4342 Paridis
549 4287 727 4360 patri-Fa·
772 4286 898 4344 trimonio
910 4285 1004 4354 juncta
1018 4281 1113 4334 fuerat.
1187 4335 1190 4340 ,
