3264 5166
583 543 727 609 trena
750 543 812 608 rx.
1154 547 1216 628 241

222 675 386 768 Dignatur
396 667 509 752 bellis,
522 673 675 764 iramque
687 667 889 764 relinqueris
899 668 999 737 infra.

224 789 255 866 l,
267 798 382 877 repete
394 780 587 863 Arcadiam,
599 781 792 874 mixtusque
804 775 989 873 aeqnalibus
1000 777 1084 862 lllic,

222 891 312 961 Dum
322 893 414 960 ferus
426 889 481 958 hic
492 914 574 957 vero
585 887 723 957 desaevit
733 887 872 981 pulvere
884 893 1035 974 Mavors,
1169 909 1223 978 785

224 1001 338 1072 Praelia
350 1000 431 1069 lude
443 998 535 1068 domi
548 1027 555 1066 :
570 999 661 1095 quod
674 1001 702 1066 si
712 1016 747 1067 te
758 1015 877 1066 moesta
888 999 1035 1092 sepulcri

224 1119 326 1182 Fama
336 1127 466 1195 movet,
478 1109 652 1192 dabimus;
665 1107 733 1177 leto
745 1111 889 1176 moriere
900 1111 1062 1178 virorum.
1076 1139 1090 1172 a

269 1222 475 1292 Jamdudum
486 1220 578 1288 hunc
589 1235 708 1288 contra
720 1218 864 1287 stimulis
877 1221 1087 1312 gravioribus
1099 1223 1195 1292 ardet

223 1339 318 1403 Trux
329 1329 571 1415 Atalantiades,
585 1353 648 1398 nec
660 1328 811 1398 dumille
824 1331 1011 1424 quieverat,
1023 1329 1113 1399 infit:

228 1475 241 1505 a
251 1449 330 1516 Sera
341 1448 441 1513 etiam
451 1447 488 1510 in
498 1441 644 1524 Thebas,
656 1465 801 1536 quarum
812 1439 868 1509 hic
880 1444 1058 1526 exercitus,
1070 1468 1164 1514 arma
1176 1475 1228 1530 79⁰

224 1557 360 1624 Profero
373 1581 380 1623 :
394 1557 553 1651 quisnam
565 1553 650 1622 adeo
661 1577 763 1647 puer,
778 1568 816 1620 ut
826 1552 952 1621 bellare
964 1572 1097 1625 recuset

224 1665 385 1735 Talibus?
395 1665 545 1734 Arcadiae
557 1668 715 1758 stirpem,
729 1680 763 1731 et
774 1663 847 1730 fera
858 1666 988 1732 semina
1000 1668 1124 1757 gentis,

227 1785 302 1849 Non
312 1778 476 1847 Thebana
486 1777 580 1846 vides
593 1803 600 1845 :
613 1801 684 1845 non
694 1800 749 1843 me
761 1773 826 1844 sub
837 1793 936 1844 nocte
948 1776 1061 1846 silenti

227 1889 342 1984 Thyes
355 1889 515 1958 Echionio
528 1890 670 1982 genitrix
683 1885 843 1954 famulata
855 1891 957 1980 Lyaeo

228 1998 359 2069 Edidit:
373 1999 630 2094 haud-unquam
643 1997 811 2066 deformes
824 2001 948 2066 vertice
959 2001 1076 2067 mitras
1177 2017 1228 2089 795

216 2265 276 2341 783.
301 2269 434 2345 Diqnatur
453 2271 544 2340 bellis,
566 2271 684 2345 iramque
727 2272 791 2341 neg.
807 2269 1143 2324 Cnostradrleet.Eo.-
1158 2273 1229 2324 Trux

181 2350 333 2424 relinqueris
354 2352 434 2423 infra.
455 2353 521 2424 Reg.
543 2355 562 2404 B
582 2351 682 2418 habet,
726 2347 915 2401 Atalantiades.
924 2349 1228 2422 Parthenopaeus-11·

180 2430 314 2502 Diqnatur
327 2430 413 2497 beilr's,
432 2433 520 2505 iraque
533 2430 685 2504 relinqueris
729 2427 761 2481 le.
775 2429 919 2501 Amphion.

181 2509 267 2580 infra5
279 2509 341 2578 lieg.
353 2509 389 2572 C,
404 2509 523 2582 iramque
533 2508 684 2582 relinqueris
764 2524 823 2577 790.
843 2509 905 2561 Sera
914 2511 1002 2562 etim
1015 2511 1099 2562 Etiam
1109 2509 1184 2563 tarde
1195 2511 1229 2564 ad

180 2585 257 2640 ultra.
270 2589 317 2639 En.
326 2586 458 2658 —Irrfrc
471 2590 528 2639 Nec
537 2588 633 2659 dignus
644 2589 682 2640 ira
727 2586 779 2638 hoc
786 2588 883 2640 bellum
892 2592 961 2653 veni,
970 2591 1226 2660 quamvispuersirn

181 2665 278 2733 hostis,
290 2667 509 2737 contemptibilis.
529 2669 655 2720 Lacutur.
727 2663 931 2739 Parthenopaeus
945 2667 1007 2720 dicit
1018 2708 1026 2735 ,
1039 2668 1229 2722 Thebanorum

216 2746 277 2815 7⁸⁴-
296 2747 327 2813 1,
343 2757 428 2816 repete
440 2747 588 2799 Arcadiam.
603 2748 684 2800 Arca-
727 2744 857 2797 debilitati
872 2749 951 2798 etiam
962 2747 1075 2818 puerilia
1088 2767 1160 2801 arma
1172 2751 1232 2802 sul·

180 2824 235 2878 dias
248 2843 318 2876 unus
332 2824 424 2877 Behor.
727 2825 812 2876 licere.
831 2825 956 2877 Lacutur.

216 2895 276 2973 78'6.
291 2902 388 2956 Paralia
401 2902 462 2955 lude
471 2904 556 2970 domi,
569 2917 620 2955 etc.
632 2902 683 2954 Lu·
763 2920 824 2973 792.
845 2903 957 2955 Talibus.
978 2905 1096 2974 ignavis,
1117 2903 1228 2958 imbelli-

181 2979 272 3033 dendo
287 2993 347 3033 cnm
360 2980 506 3053 aequalibus
524 2999 627 3054 pugnas
645 2984 682 3034 si·
727 2980 791 3046 bus,
804 2980 944 3032 comitibus
955 2981 1041 3033 mollis
1051 2983 1100 3033 Ilei
1110 2999 1157 3034 seu
1167 2985 1229 3035 Bao·

180 3061 269 3129 mula,
287 3060 334 3114 sed
348 3073 411 3114 ve'ro
431 3061 582 3132 praeliorum
600 3063 683 3113 furori
727 3060 779 3112 clri.
789 3093 825 3100 —
836 3061 900 3112 Fero
913 3062 1012 3113 semino
1026 3061 1117 3133 qentr's.
1133 3059 1171 3112 Ex
1185 3081 1229 3114 ar·

181 3159 245 3193 cave
267 3159 300 3192 ne
321 3149 347 3193 te
370 3142 526 3193 committas.
549 3141 576 3194 Si
594 3155 682 3194 tamen
727 3137 835 3192 boribus
848 3141 917 3190 enirn
932 3151 957 3190 et
970 3138 1101 3211 lapidibus
1116 3144 1166 3193 orti
1178 3145 1229 3194 Ar-

179 3218 302 3290 gloriotaa
324 3221 416 3270 mortis
437 3220 536 3270 lamam
555 3219 682 3286 affectas,
728 3217 1228 3285 cades,utoredebant.VideTbeb.lV,

180 3298 249 3350 banc
265 3311 295 3349 ut
310 3300 460 3370 assequaris
475 3299 586 3349 faciam:
603 3317 682 3350 mann
728 3300 777 3367 275
791 3313 817 3349 et
828 3315 868 3368 sq.

181 3396 256 3444 mea,
268 3381 337 3430 sicut
349 3377 392 3428 alii
399 3381 455 3448 jam
465 3379 511 3428 viri
521 3379 616 3442 fortes,
627 3397 684 3430 mo·
764 3368 827 3447 7933
832 3377 883 3429 Sub
889 3389 962 3429 nocte
969 3376 1063 3429 silenti.
1070 3379 1150 3449 Orgia
1158 3381 1229 3432 enim

180 3458 263 3510 deria.
274 3458 353 3509 Cont'.
362 3475 419 3529 quac
427 3455 496 3507 dicta
505 3459 599 3507 suntin
608 3459 682 3508 Varr.
728 3455 823 3506 Bacchi
836 3470 915 3507 noctu
930 3454 1069 3507 celebrata.

180 3537 251 3589 lectt.
263 3535 378 3604 adVirg.
391 3533 552 3596 inundat,
565 3535 625 3603 857.
636 3535 682 3586 En.
764 3535 824 3604 794.
855 3535 950 3604 Thyas.
976 3533 1083 3586 Baccbae
1105 3535 1229 3608 Thyades

216 3616 277 3686 788.
286 3614 447 3669 ,Iamdudum
458 3614 528 3666 bunc
539 3624 629 3664 contra
641 3613 684 3664 sti·
729 3615 806 3664 etiam
833 3613 1005 3664 vocabantur.
1029 3641 1065 3653 —
1089 3615 1228 3668 Echionio.

181 3696 275 3760 mulis,
300 3708 351 3747 etc.
379 3692 513 3758 «Melius,
535 3690 684 3742 faventibus
728 3692 866 3745 Thebano.
881 3725 915 3734 -
930 3695 1015 3763 Lyaeo.
1031 3693 1121 3763 Ιςγωω
1133 3695 1230 3748 Bocchi

181 3773 316 3828 nonnullis
332 3772 424 3837 libris,
441 3773 577 3824 omittatur
589 3768 685 3823 vocula
728 3787 942 3842 cognomentum.

184 3852 407 3916 bunc5nouenim
417 3851 503 3904 solum
512 3848 686 3919 viroloquen·
765 3851 825 3922 795.
845 3849 989 3924 Defbr'rnes.
1003 3850 1083 3918 Quod
1098 3855 1180 3905 mitra
1191 3857 1230 3905 vi-

182 3934 216 3996 ri,
229 3930 277 3984 sed
291 3933 329 3982 rei
346 3931 397 4001 ipsi
411 3928 565 4001 indignatur
575 3926 685 3980 Partbe-
729 3950 787 3983 rum
804 3950 859 3982 non
872 3931 1003 3984 decerent.
1016 3961 1051 3972 -
1066 3933 1165 3985 Vertic'e
1180 3936 1232 3985 mi·

183 4029 299 4084 nopaena.
311 4035 323 4058 ι
339 4013 434 4062 Binan.
730 4021 787 4061 tras.
808 4009 888 4060 Mitra
908 4011 1045 4062 incurvum
1063 4010 1182 4080 pileum,
1199 4011 1232 4062 de

219 4089 280 4162 789.
300 4089 373 4141 Trux
385 4086 574 4141 Atalantiades.
589 4083 685 4138 Atlan—
730 4107 784 4160 quo
795 4085 945 4160 dependent
954 4088 1100 4142 buccarum
1109 4092 1232 4162 tegmina.

185 4171 339 4223 tiadesunus
347 4165 439 4219 Bebot.
447 4169 553 4236 -Req
564 4163 685 4231 Bhabot,
729 4166 761 4218 Et
774 4169 890 4219 oratorie
900 4171 998 4221 crimen
1009 4167 1144 4239 objectum
1154 4181 1234 4219 estex

187 4248 216 4300 T.
228 4247 261 4302 A.
275 4266 322 4301 nec
336 4246 395 4298 dum
410 4245 455 4299 itte
466 4247 567 4318 quierat
577 4243 685 4317 etinfit5
731 4242 838 4297 habitus
849 4245 985 4316 qualitate.
996 4246 1067 4315 Virg.
1078 4244 1179 4297 AEneid.
1189 4245 1239 4317 lx,

278 4340 345 4404 ΙΙΙ.
985 4345 988 4352 ’
1057 4337 1093 4402 16
