3264 5166
585 580 726 644 brnen
752 580 812 644 rr.
1152 603 1216 669 ,η

224 703 433 793 Interceptus
444 703 701 798 aquis?ndeoue
712 705 911 773 occumbere
921 705 1011 774 ferro

224 814 456 880 Noumeruits
467 812 618 884 Tandem
626 815 781 910 precibus
789 833 958 884 commotu
965 819 1154 884 Tonantem
1167 827 1219 882 διο
1243 819 1245 829 ¹

158 947 161 956 Α
225 923 315 988 Juno
327 923 436 992 subit:
453 929 632 1012 sQuonam
643 928 800 1008 miseros,
812 923 1038 1019 sotorinclyte
1049 927 1207 1006 Divum,-

226 1032 419 1118 lnnchidus,
432 1060 580 1131 quonum
590 1061 699 1132 usque
710 1043 865 1129 premes?
870 1033 943 1129 jum
955 1035 1063 1104 Palles
1074 1053 1109 1104 et
1118 1034 1189 1103 odit

225 1141 360 1234 Tydea,
365 1142 436 1238 jam
447 1162 543 1240 rapto
555 1163 733 1217 tacuerunt
743 1171 870 1240 augure
880 1145 1015 1240 Delphi.
1113 1201 1118 1212 .

225 1253 383 1322 Enmeus
394 1254 715 1348 Hippomedon,cui
726 1258 834 1349 gentis
846 1259 939 1349 origo
951 1260 1104 1350 Mycenae

227 1363 437 1461 Argolicique
448 1367 553 1448 lares,
566 1392 759 1462 numenque
769 1384 847 1438 aute
859 1371 972 1438 omniu
982 1372 1088 1451 Juuo,
1168 1379 1219 1433 ⁵1⁵

228 1475 298 1558 (Sic
309 1499 370 1568 ego
382 1476 449 1546 fida
461 1482 585 1567 meis?)
598 1479 707 1572 pelugi
719 1477 911 1548 crudelibus
923 1479 984 1546 ibit

227 1585 341 1654 Praeda
353 1587 455 1658 feris?
465 1608 555 1659 certe
566 1589 728 1672 tumulos,
741 1591 1069 1683 supremaquevictis

227 1687 328 1764 Bus'tn
339 1696 442 1768 dubus
454 1727 462 1768 ε
475 1700 533 1768 ubi
543 1703 713 1794 Cecropiae
725 1718 802 1795 post
812 1699 927 1793 praeliu
938 1699 1106 1769 flammae?

226 1803 376 1876 Theseos
386 1811 473 1902 iguis
485 1811 543 1879 ubi
554 1816 649 1880 estr-
666 1817 741 1879 Non
751 1813 880 1904 spernit
891 1808 1042 1903 conjugis
1054 1831 1168 1903 aequas

228 1914 290 1984 llle
301 1941 435 2011 preces:
450 1909 761 2018 leviterqueoculos
772 1922 815 1990 ad
828 1924 950 1990 moeuia
960 1921 1076 1990 Cadmi
1169 1931 1221 1988 520

228 2026 383 2112 Rettulit,
395 2046 429 2097 et
439 2033 511 2099 viso
524 2032 684 2100 sederunt
695 2029 835 2100 flumina
847 2047 943 2098 nunt.

275 2136 370 2208 Illius
381 2165 567 2236 exsangues
579 2143 729 2226 humeri,
742 2161 776 2212 et
786 2143 936 2236 perfossa
948 2158 1127 2235 patescunt

229 2252 385 2318 Pectora:
400 2275 462 2321 ceu
473 2256 581 2322 ventis
593 2254 660 2322 alte
670 2277 776 2350 quum
788 2251 874 2321 elatu
884 2249 1008 2320 resedit

183 2448 308 2504 facillime
320 2471 449 2526 equorum
462 2471 591 2526 nugentur
599 2461 683 2511 incre·
725 2457 856 2510 Heinsius.
864 2457 1010 2510 Familiaris
1017 2459 1124 2508 isteron
1132 2453 1224 2508 Statio.

184 2530 287 2582 mentis.
308 2561 344 2574 -
360 2533 469 2607 iniquis.
488 2535 609 2608 Magnis,
626 2537 682 2590 sive
725 2565 761 2576 -
776 2536 825 2588 Ubi
840 2537 966 2610 Cecropio
975 2547 1033 2608 post
1041 2531 1225 2609 pmliaflem·

184 2607 236 2660 vim
247 2610 431 2666 inferentibus.
451 2616 575 2668 huntur.
726 2618 792 2668 mre?
804 2615 912 2669 Theseos
921 2616 987 2688 iynie
1000 2615 1043 2666 ubi
1055 2625 1099 2666 est.
1113 2614 1171 2664 lloo
1183 2609 1224 2664 di·

221 2689 282 2742 510.
291 2690 354 2743 Non
364 2693 462 2745 mensi?
472 2693 589 2746 Tandem
598 2697 682 2765 preci·
726 2694 762 2746 cit
772 2693 808 2745 ob
817 2693 975 2758 Creontem,
988 2695 1034 2763 qni
1045 2703 1181 2758 vetuerat,
1192 2708 1225 2742 ue

184 2766 229 2818 bus
237 2781 365 2823 commem
377 2771 531 2826 Tonantem.
543 2797 554 2819 ι
561 2773 623 2826 Nou
634 2772 684 2826 sol·
727 2789 843 2844 corpore
853 2774 1009 2842 Argivorum
1020 2773 1047 2822 in
1058 2770 1147 2842 prelio
1157 2769 1227 2820 oeci·

186 2845 258 2898 licito
270 2847 339 2904 bunc
351 2849 505 2914 lectionem
515 2870 577 2904 nam
590 2869 683 2904 sensns
728 2869 817 2904 sorum
826 2851 966 2923 sepulture
972 2849 1173 2910 manderentnr5
1181 2845 1228 2900 sed

185 2927 314 2980 ests-luno
321 2933 606 2984 commota'l'onauteru
614 2931 684 2983 subit
726 2931 863 3000 Theseus,
881 2951 913 2986 eo
931 2935 1090 2995 interemto,
1105 2928 1158 2981 boo
1176 2927 1227 2981 illis

186 3005 329 3076 precibus:
348 3011 375 3060 in
395 3011 496 3080 optimo
511 3023 600 3062 tamen
615 3008 683 3062 libro
728 3013 897 3065 humanitatis
916 3011 1032 3063 officium
1051 3010 1178 3081 prestitit.
1192 3037 1228 3048 -

188 3099 242 3140 ott:
251 3090 368 3162 precibu
376 3103 486 3144 motura.
496 3113 507 3137 ι
518 3094 612 3144 Burru.
730 3094 862 3163 Cecropiae.
873 3089 903 3142 ld
911 3103 963 3155 est,
972 3090 1063 3142 Attice
1070 3127 1077 3150 ,
1085 3107 1100 3140 a
1108 3088 1229 3158 Cecrope

222 3170 281 3224 51².
298 3173 361 3225 lom
375 3173 468 3227 Palles
477 3185 504 3226 et
514 3174 570 3226 odit
586 3173 682 3246 Tydeo.
727 3167 891 3221 Athenarum
901 3168 1049 3221 conditore.
1059 3169 1117 3218 Hoc
1127 3164 1228 3218 videbi·

186 3249 230 3304 Ob
242 3251 370 3307 feritatem
383 3256 410 3307 in
421 3255 612 3326 Mennlippum.
729 3263 771 3302 tur
782 3247 866 3300 Tbeb.
880 3249 936 3301 ΧΠ.
1088 3291 1091 3298 .

222 3329 283 3383 513.
298 3333 381 3403 Bupto
393 3351 499 3406 enpust.
512 3334 683 3404 Amphiarao.
764 3327 979 3382 tredennis
986 3327 1084 3380 Cadmi.
1092 3325 1229 3378 Thebano.

187 3407 254 3462 vide
265 3409 315 3462 sub
327 3409 405 3463 linem
416 3410 500 3464 Tbeb.
512 3411 568 3463 vlt.
765 3405 948 3472 tentonus,
958 3419 983 3460 et
992 3410 1045 3459 vito
1053 3406 1172 3459 sederunt
1172 3403 1230 3481 jlu·

221 3488 282 3544 516.
302 3489 344 3542 Sic
356 3508 404 3562 epo
410 3487 470 3561 fidu
483 3489 554 3543 meis.
566 3490 624 3540 Tus
635 3508 685 3542 ne·
730 3487 803 3538 mino
811 3498 883 3538 nutu.
895 3485 975 3537 :Nou
983 3485 1151 3537 sollicitarem
1159 3482 1229 3536 bunc

186 3566 311 3638 gligeutin
320 3583 364 3621 eut
373 3568 434 3620 odio
441 3569 558 3634 lacis,ut
567 3586 616 3638 ego
623 3585 687 3621 con·
731 3568 901 3638 scripturam,
919 3583 1070 3638 quanquam
1083 3562 1154 3616 idem
1173 3581 1231 3615 ser-

186 3659 299 3713 temuur,
310 3660 355 3700 sut
363 3665 415 3718 pro
426 3645 509 3698 infido
520 3649 627 3698 numine
638 3644 685 3698 bn·
729 3644 793 3696 bum
808 3647 894 3696 stetim
909 3658 1046 3716 sequntur,
1060 3661 1161 3695 mernor
1174 3661 1232 3694 mo·

186 3724 260 3778 beer.
274 3725 375 3778 Notum
390 3737 478 3777 autem
491 3724 622 3776 lunonem
636 3727 685 3777 Ar·
731 3723 925 3794 risPspinieni:
937 3737 963 3775 at
973 3719 1231 3794 optimnscotlesbn·

186 3805 225 3874 gis
237 3805 369 3876 precipue
381 3804 487 3857 cultum.
499 3805 558 3855 vet.
570 3801 657 3857 Sobel.
730 3802 791 3855 bet:
806 3815 831 3854 et
844 3803 896 3856 uiso
908 3802 1082 3854 recides-rent·
1099 3803 1196 3854 Burs.

221 3880 686 3954 517.Proedo.lnsepultumlsmenus
768 3883 828 3938 523.
852 3884 986 3936 Pectora:
1008 3901 1055 3934 eeu
1077 3883 1160 3936 uentis
1179 3881 1233 3935 ulte

188 3961 216 4012 in
227 3978 301 4014 mure
313 3961 406 4031 rapiet.
730 3979 810 4034 qm
828 3961 898 4014 eluto
914 3961 1010 4014 resedit.
1025 3961 1108 4013 «Non
1122 3979 1231 4033 possum

222 4038 283 4094 ⁵18.
296 4039 376 4094 Busta
387 4041 478 4106 datas,
491 4052 541 4092 ete.
552 4040 628 4094 Justa
639 4039 686 4092 du-
730 4057 840 4111 prorsus
849 4053 1019 4093 contemnere
1026 4038 1141 4092 duorum
1151 4038 1231 4092 libro-

188 4117 231 4170 bas
247 4116 312 4190 legit
324 4117 495 4172 Marklandus
514 4118 548 4172 ud
561 4118 620 4173 Silv.
634 4119 685 4184 111,
730 4123 969 4192 rumscripturam:
979 4119 1231 4196 altecumflota.bn

188 4211 219 4263 s,
236 4195 294 4261 tls.
308 4223 344 4236 -
354 4196 433 4249 Busta
446 4197 529 4250 dabas.
544 4201 594 4251 Pro
608 4197 687 4251 Bruta
730 4201 858 4272 scriptum
866 4195 1232 4275 Pupiuioiufatatltibilmu-

184 4271 326 4346 legendum
349 4274 423 4330 Just·
448 4289 539 4334 censet
559 4276 687 4332 Nicoleus
731 4275 1234 4332 renue-nuru.seducentem
