3284 5162
617 550 762 615 urana
785 551 847 614 xr.
1047 495 1052 508 ¹
1186 547 1251 638 393

258 679 317 744 His
334 699 485 771 quoque,
502 699 615 743 nonne
627 675 738 767 palam
748 673 896 743 estultro
907 677 1122 742 miserescere
1133 677 1253 742 Divos?

256 787 339 856 Tela
351 785 490 855 cadunt:
503 803 705 854 cunctantur
716 787 810 881 equi:
825 785 893 854 fors
905 787 977 878 ipsa
988 801 1163 876 repugnat.
1177 816 1190 845 ι

303 896 461 964 Nonnihil
474 895 654 990 impulerat
665 895 801 977 dubios,
814 897 849 963 ni
861 911 954 962 torva
966 911 1114 964 notasset

257 1007 440 1100 Tisiphone
451 1008 602 1090 fraudes,
616 1005 805 1101 caelestique
817 1030 920 1099 ocyor
931 1011 1007 1100 igne

257 1117 383 1185 Afforet
395 1120 613 1209 increpitans:
632 1115 744 1203 aQuid
757 1115 835 1183 belli
845 1115 1027 1184 obverteris
1039 1117 1144 1199 ausis,

257 1231 389 1294 Numen
402 1231 506 1310 iners,
520 1230 661 1321 pacique
672 1225 809 1294 datum?
819 1224 914 1307 cede,
929 1225 1099 1318 improba:
1115 1240 1230 1293 noster

223 1387 232 1398 -
252 1340 315 1406 Hic
327 1361 483 1430 campus,
498 1357 679 1433 nosterque
689 1339 882 1405 diesznunc
894 1360 968 1404 sera
979 1353 1137 1404 nocentes
1157 1419 1160 1426 Ι
1199 1348 1252 1417 486

257 1447 418 1515 Delendis
431 1448 581 1536 rl'hebas:
596 1447 654 1516 ubi
665 1465 761 1528 tunc,
774 1472 880 1542 quum
893 1446 979 1514 bella
991 1449 1092 1514 cieret

257 1556 423 1625 Bacchus?
435 1573 621 1624 etarmatas
633 1557 902 1648 furiarentorgia
913 1558 1055 1622 matres?
1140 1601 1146 1618 .

257 1673 322 1735 Aut
334 1668 392 1736 uhi
406 1673 516 1761 segnis
528 1693 618 1752 eras,
632 1669 713 1736 durn
728 1669 866 1734 Martius
878 1669 979 1758 impia
991 1688 1130 1759 serpens

256 1773 1253 1868 StagnabihittdumCadmusaratidumvictacaditSphinx?

257 1890 346 1953 Dum
358 1906 452 1979 rogat
463 1886 663 1980 OEdipoden
674 1889 822 1980 genitor?
833 1885 915 1952 dum
927 1883 1080 1977 lampade
1092 1901 1207 1952 nostra

258 2002 298 2064 111
312 1997 476 2066 thalamos
489 2005 617 2067 Iocasta
629 2003 763 2066 venitir
780 2000 832 2065 sic
844 2012 954 2090 urget,
969 2013 1002 2064 et
1013 1996 1101 2064 ultro
1200 2007 1251 2078 49²

258 2113 426 2178 Vitantem
437 2111 616 2207 adspectus
631 2115 747 2194 etiam,
759 2108 1023 2204 pudibundaque
1034 2107 1133 2200 longe

247 2329 308 2398 480.
327 2332 376 2386 His
388 2353 491 2407 quoque
503 2334 608 2406 (nonne
619 2333 708 2408 palam
789 2333 850 2403 489.
873 2334 929 2385 Aut
945 2333 987 2384 ubi
1004 2331 1086 2404 eequis
1103 2348 1170 2394 eras,
1189 2323 1253 2380 dum

209 2421 248 2464 est
263 2410 332 2463 ultro
348 2414 503 2467 miserescere
520 2417 631 2487 Diuosi)
646 2419 708 2487 lleg.
753 2415 867 2466 Martius
876 2415 953 2486 impia
963 2431 1063 2484 seqrens
1070 2413 1168 2484 Stapna
1177 2409 1256 2461 bibit?

195 2488 339 2558 -Bhahet,
358 2493 400 2544 hic
416 2513 533 2565 quoque,·
547 2497 610 2565 lleg.
625 2493 646 2545 C
661 2514 711 2546 no-
753 2494 814 2544 dum
829 2493 939 2545 Cadmus
948 2495 1024 2545 arat?
1035 2493 1096 2543 dum
1108 2493 1173 2543 victa
1185 2488 1255 2545 eadit

212 2581 290 2621 stram
301 2570 361 2622 lect.
372 2574 633 2626 En-Miserescere.
643 2575 712 2627 Cau·
754 2574 875 2648 Sphinx?
883 2575 951 2626 Dum
962 2587 1035 2646 royat
1048 2571 1202 2644 OEdipoden
1209 2587 1255 2644 qe·

211 2669 267 2702 sam
280 2651 359 2702 affert
372 2671 449 2704 versu
461 2655 590 2726 sequenti.
756 2657 841 2708 nitor?
849 2669 899 2706 etc.
912 2658 971 2708 llrec
981 2654 1144 2706 omniaclnre
1153 2671 1183 2704 ex
1192 2670 1255 2724 prae·

247 2728 306 2795 482.
321 2730 454 2782 Nonnihil
462 2732 602 2804 impulerat
610 2733 710 2798 dubios,
754 2732 919 2785 cedentibus.

211 2809 241 2860 ni
253 2821 324 2862 torua
337 2823 453 2863 nomsset.
465 2815 525 2882 lleq.
538 2812 655 2880 Bhabet,
665 2832 712 2866 nos
789 2810 850 2878 490.
864 2812 963 2883 Staqna
972 2810 1122 2863 tibittdnm
1132 2807 1254 2860 Cadmus-

210 2887 280 2940 nihil
302 2889 445 2962 impulerat
466 2893 567 2958 dubios,
591 2896 620 2945 ni
640 2906 710 2947 torva
753 2893 828 2942 arat?
841 2892 901 2942 dum
912 2893 978 2942 uicta
990 2890 1058 2942 cadit
1069 2889 1179 2960 Sphinx.
1194 2887 1255 2939 Cad-

209 2977 336 3029 noussen
357 2972 420 3042 [leq.
441 2972 463 3024 G
481 2986 595 3025 nostram
614 2973 708 3026 lectio·
753 2982 876 3022 muserat
887 2973 952 3021 Dan.
967 2972 1024 3020 Put.
1037 2972 1123 3020 Petav.
1140 2969 1253 3037 Lipsien.

210 3065 280 3098 nem.
300 3050 346 3100 En.
753 3063 779 3102 et
796 3048 855 3100 edd.
873 3063 934 3102 vett.
952 3051 1062 3101 Cadmus
1077 3060 1134 3100 arat
1151 3047 1253 3100 llehott.

245 3127 306 3178 383.
319 3129 458 3200 Tisiphone
461 3132 578 3202 fraudes.
588 3133 709 3206 Tesipho-
757 3147 765 3182 t
776 3169 784 3196 ,
796 3147 823 3196 2,
834 3129 949 3182 Gronov.
964 3129 1050 3182 Barth.
1061 3145 1086 3182 et
1096 3130 1191 3201 Delph.
1205 3132 1254 3181 Pro

210 3219 365 3278 neuterque
376 3207 468 3262 Rehot.
481 3226 508 3262 et
519 3214 555 3262 sic
566 3216 710 3283 passim-
754 3210 820 3260 victa
830 3209 898 3260 cadit
907 3208 1020 3279 Sphinx,
1031 3209 1085 3272 vel,
1095 3207 1256 3261 utexhibent

207 3283 311 3338 cautent
322 3288 390 3357 ique.
403 3287 530 3340 Fulmine.
754 3289 815 3342 edd.
828 3303 889 3341 vett.
899 3289 1025 3360 Spibyros,
1039 3292 1096 3342 Put.
1109 3288 1204 3354 habet,
1219 3307 1255 3340 se-

245 3361 307 3427 485.
326 3365 430 3416 Numen
448 3365 520 3418 iners.
540 3368 636 3434 Pietas,
654 3386 710 3440 quar
754 3370 1255 3445 monument—RemBhahet‚Sta·

208 3439 277 3492 bella
292 3441 434 3494 dissuadet.
450 3445 574 3497 Lucrina.
751 3469 806 3521 prta
820 3451 900 3501 bibit?
912 3451 973 3502 dum
988 3452 1099 3504 Cadmus
1109 3463 1179 3514 arat,
1193 3451 1255 3501 dum

245 3519 306 3585 486.
319 3521 370 3571 Hic
379 3539 496 3592 campus,
506 3535 638 3596 nosterque
649 3525 708 3578 dies.
753 3531 851 3580 semina
871 3540 991 3598 surqunt,·
1015 3533 1076 3600 lleq.
1098 3530 1119 3581 C
1138 3542 1255 3581 nostram

209 3601 333 3666 Veteres,
352 3614 380 3653 ut
395 3621 473 3671 supra
487 3601 615 3668 diximus,
628 3623 710 3674 quum
755 3604 815 3656 lect.
831 3607 875 3658 Eo.
888 3637 923 3646 -—
937 3609 1008 3659 Arat.
1020 3608 1103 3660 Sulcis
1118 3611 1187 3660 enim
1200 3625 1255 3659 ara·

210 3677 300 3750 aliquo
320 3679 362 3730 die
381 3683 480 3750 lusique
501 3684 601 3736 lacinus
621 3683 710 3735 edide·
755 3697 796 3735 tro
812 3683 896 3737 ductis
908 3685 1000 3738 dentes
1016 3687 1074 3740 illos
1087 3688 1188 3740 insevit.

208 3772 282 3824 rant,
303 3773 349 3810 aut
370 3760 479 3830 aliquod
501 3781 623 3832 maqnum
644 3781 710 3831 gau·
789 3766 850 3834 49¹·
870 3769 953 3842 Ropat
975 3768 1140 3840 OEdipoden.
1159 3767 1255 3831 Laius,

210 3836 283 3888 dium
296 3854 463 3910 receperant,
476 3841 563 3894 dicere
573 3841 708 3894 solebant:
756 3863 788 3896 ne
810 3845 843 3896 ab
865 3865 897 3896 eo
917 3847 1116 3898 iruerlrceretur.
1134 3875 1169 3886 -
1184 3847 1254 3897 Dum

211 3940 223 3964 ι
233 3920 283 3970 Hie
295 3939 368 3972 meus
383 3935 421 3972 est
434 3921 496 3972 dies.
509 3947 520 3969 ι»
756 3922 878 3995 lanrpade
892 3937 976 3977 nostra
988 3928 1021 3977 In
1036 3925 1163 3977 thalamos
1175 3927 1254 3976 Joca-

244 3998 305 4068 487.
326 4002 410 4070 Quum
421 4000 489 4052 betta
499 4003 574 4052 cieret
582 4001 711 4054 Bacchus?
754 4015 797 4056 sta,
812 4004 903 4055 venit?
920 4003 1032 4056 Facibus
1052 4006 1121 4056 euim
1138 4006 1254 4056 accensis

207 4088 234 4128 et
249 4089 362 4131 annates
371 4079 506 4149 furiarent
522 4082 593 4155 orpia
610 4091 710 4133 matres.
754 4081 955 4134 deducebantur
965 4102 1147 4155 nosvaesponsrc
1160 4082 1253 4134 domos

208 4155 304 4228 Tangit
323 4158 440 4211 fabulam
461 4163 570 4232 Agaues.
590 4160 712 4214 Annatns
755 4163 916 4214 maritorum.
932 4164 963 4214 Et
975 4161 1042 4214 bene
1055 4172 1147 4215 nostra.
1163 4159 1253 4214 Scelus

209 4251 297 4290 antem
311 4237 417 4310 thyasis.
754 4243 824 4292 enirn
838 4240 899 4294 inde
913 4241 1135 4312 consequebatur.
