3272 5166
409 535 475 626 276
644 537 678 598 r.
705 535 741 597 r.
767 533 922 599 sunan
947 531 1221 600 Tuanarnos

452 670 571 731 Vestra
582 661 684 744 fides,
697 664 770 753 ipso
782 684 852 728 non
864 657 1094 741 discordante,
1106 659 1249 752 subegit.

450 781 523 844 Nox
535 770 692 842 foecunda
702 795 862 864 operum,
877 768 1097 863 pulchraeque
1109 767 1329 840 accommoda
1341 771 1452 840 fraudi

452 885 614 953 Panditur
624 882 764 972 augurio
776 883 898 950 Divum
911 906 918 946 ε
932 896 1030 950 vocat
1041 877 1140 948 obvia
1150 883 1272 966 virtus,

451 1001 494 1064 Et
505 997 614 1089 poscit
626 999 774 1060 Fortuna
785 1013 907 1059 manus
919 1017 927 1058 :
941 1006 1055 1083 stupet
1065 990 1187 1060 obruta
1198 1015 1318 1062 summ

450 1105 618 1176 Aonidum
630 1105 717 1196 legio
730 1131 736 1168 :
751 1119 885 1194 tempus
898 1124 990 1171 nune
1001 1102 1122 1172 funera
1133 1127 1252 1195 regum
1404 1119 1451 1187 195

450 1216 592 1295 Ulcisci‚
605 1217 834 1306 miserumque
846 1211 935 1282 diem
948 1237 955 1278 :
969 1213 1076 1304 rapite
1087 1236 1198 1292 arma,
1208 1237 1388 1309 morasque

450 1330 607 1420 Frangite
618 1343 811 1418 portarum:
827 1325 926 1394 sociis
938 1321 1003 1392 hoe
1015 1323 1159 1392 subdere
1171 1323 1341 1406 flammas,

450 1445 523 1510 Hoc
535 1436 704 1506 tumulare
715 1459 795 1504 snos
807 1462 815 1504 ι
829 1431 987 1528 equidem
998 1431 1063 1502 boc
1075 1450 1109 1502 et
1119 1438 1228 1504 Marte
1239 1433 1360 1504 diurno

449 1557 539 1617 Dum
551 1572 605 1616 res
618 1546 785 1629 infractae,
798 1545 955 1639 pulsique
967 1548 1003 1614 iu
1014 1560 1108 1636 terga
1119 1543 1268 1614 redimus
1279 1597 1288 1627 ,

449 1665 532 1748 (Per
544 1657 693 1751 tripodas
702 1655 797 1748 juro,
810 1673 844 1726 et
857 1659 943 1748 rapti
954 1679 1043 1725 nove
1054 1656 1122 1726 feta
1133 1657 1322 1748 magistri.)
1399 1687 1450 1722 που

449 1771 543 1851 Vidi,
554 1786 589 1838 et
599 1795 654 1838 me
667 1769 822 1838 volucres
835 1771 963 1837 circum
975 1768 1129 1862 plausere
1141 1767 1309 1836 secundae.

448 1881 511 1950 Sed
524 1905 616 1949 nunc
628 1897 718 1948 certa
731 1879 832 1948 fides:
846 1879 948 1948 modo
959 1903 1013 1946 me
1026 1878 1090 1947 sub
1102 1894 1200 1946 nocte
1213 1878 1322 1946 silenti

445 2112 502 2164 ¹9²·
521 2095 583 2148 Nox
597 2094 732 2166 fecunda.
752 2089 903 2146 Fraudibus
948 2109 1009 2144 vara
1025 2089 1081 2142 buc
1098 2091 1265 2161 oportunitas
1280 2088 1358 2144 nobis
1372 2093 1449 2144 atissa

402 2188 544 2244 oportuna.
552 2171 678 2226 Ltorsss.
688 2171 903 2244 -Pulebroeque
948 2188 996 2240 per
1005 2168 1074 2220 dissu
1085 2169 1228 2239 contingit,
1240 2167 1356 2242 ideoque
1366 2171 1449 2224 debe.

400 2250 568 2306 oceousnsoda
577 2250 678 2322 fraudi.
692 2248 786 2303 Cdoud.
798 2251 855 2304 vlu
869 2248 902 2301 de
947 2264 1007 2298 mus
1021 2243 1143 2312 differre,
1156 2245 1209 2300 hoe
1224 2259 1277 2313 est,
1289 2266 1323 2301 ne
1333 2249 1449 2302 iuoiendi

400 2335 434 2384 tv
449 2330 529 2385 Cous.
545 2333 646 2382 Honor.
658 2349 696 2382 ss.
709 2332 776 2400 327:
793 2325 903 2382 airaudi
948 2328 1054 2380 occasio
1066 2325 1283 2397 peraudiret-ri
1293 2345 1349 2380 non
1359 2327 1447 2382 debet.

400 2407 575 2460 accommoda
586 2408 669 2462 valiis.
681 2431 692 2455 ι
705 2408 774 2460 Ante
786 2406 836 2462 bos
846 2407 903 2460 Vir·
947 2405 1024 2459 Lsc't.
1033 2436 1068 2446 -
1076 2407 1151 2458 Erret
1159 2404 1204 2458 bie
1213 2407 1286 2459 Lnot.
1294 2426 1388 2462 seusus
1396 2423 1447 2462 ests

377 2495 380 2508 ’
400 2485 822 2558 gii.disarst‚AEneid.X1‚5n:
838 2484 903 2537 -Est
947 2483 1078 2556 Equidem
1098 2484 1245 2556 pugnando
1264 2487 1380 2540 interdiu
1396 2487 1448 2540 boe

400 2585 481 2620 curro
494 2567 615 2620 anfractu
623 2563 717 2631 vatter,
730 2562 903 2618 accominoda
947 2567 1063 2617 inustum
1074 2564 1198 2636 prasidi,
1212 2565 1260 2618 sed
1271 2585 1343 2620 nuno
1353 2570 1449 2620 oertior

400 2644 497 2698 fraudi.
509 2669 520 2694 s
531 2643 574 2698 Ad
586 2662 666 2715 quesn
678 2642 767 2696 iocum
780 2642 832 2696 vid.
845 2654 901 2694 not.
947 2661 1006 2696 sum
1017 2645 1105 2696 iactus
1116 2643 1184 2696 Vide
1195 2658 1251 2698 not.
1266 2663 1326 2700 sos.
1341 2649 1388 2700 En.

401 2737 471 2778 nost
484 2723 547 2778 edit.
561 2737 626 2776 tom.
638 2726 682 2786 tv,
694 2741 722 2793 p.
736 2721 796 2792 247.
810 2723 857 2774 Eo.
986 2740 1043 2792 ¹99·
1063 2723 1187 2796 Pulsique
1201 2725 1229 2776 iss
1243 2736 1314 2800 torpa
1327 2728 1446 2780 redimus.

440 2803 496 2872 ¹94·
515 2805 607 2876 Stupet
617 2803 709 2856 obruto
720 2819 818 2856 wmno.
833 2800 900 2854 Dan.
913 2870 915 2876 Ι
946 2801 1449 2872 Dumambigusadbuesietoriuruodo

399 2887 458 2937 Put.
469 2897 496 2936 et
505 2881 567 2938 edd.
576 2895 637 2936 vett.
640 2883 819 2956 jaertobruta.
946 2881 1123 2953 preberemus
1133 2895 1208 2951 terga
1220 2881 1354 2948 hostibus,
1366 2883 1448 2940 modo

438 2964 496 3032 196.
518 2965 693 3036 Histrumque
712 2963 790 3016 diem.
812 2963 902 3032 Argivi
947 2958 1449 3032 eospulsosendemobvertsrseogere·

398 3045 469 3096 enim
481 3042 643 3096 :Thebanis
659 3045 718 3097 cesi
735 3043 856 3108 fuerant,
875 3055 902 3092 as
947 3039 1277 3094 mus.Poriocutiosstiib.
1286 3042 1446 3113 xu.v.73⁵.

311 3167 316 3178 .
400 3139 515 3194 quatuos·
526 3122 609 3178 duces
620 3124 772 3176 aurisersnt.
984 3135 1042 3170 noo.
1062 3121 1190 3191 Mapistri.
1207 3119 1369 3190 Ampbisrsi.
1388 3124 1448 3176 Mo-

438 3199 902 3276 197.Fraspiteportarum.Uodique
946 3195 1108 3252 destissirous
1120 3197 1296 3264 Thiodamas,
1311 3202 1355 3272 qui
1366 3204 1447 3272 surgi-

399 3299 449 3334 nos
470 3283 561 3334 fractis
579 3294 717 3353 portarum
735 3279 855 3332 claustris
873 3280 900 3330 iu
947 3291 1031 3332 strum
1046 3293 1126 3332 vocat
1142 3279 1348 3350 taphiorum,
1367 3297 1447 3353 quesn

398 3359 487 3414 hostss
495 3356 903 3412 imminuentem-Sortitur
948 3371 1036 3412 tameo
1046 3357 1222 3429 Amphiaraus
1233 3361 1291 3430 ipae
1299 3361 1352 3414 sibi
1359 3362 1412 3432 ipsi
1419 3363 1448 3414 in

398 3455 439 3496 est
448 3441 552 3494 subdere
552 3441 589 3517 fl
601 3441 735 3494 ltasoeios
744 3457 902 3506 mutamus,
948 3435 1068 3490 doctrina
1077 3437 1220 3490 caelestium
1230 3438 1393 3508 preferebat.
1402 3441 1447 3491 Vi·

398 3523 435 3574 ita
454 3521 505 3576 iilis
521 3537 659 3592 supremos
677 3519 793 3572 honores
811 3519 901 3574 reddi-
946 3517 979 3570 de
990 3518 1037 3572 lib.
1050 3520 1125 3584 vill,
1139 3539 1162 3572 v.
1179 3520 1239 3574 ato.

399 3617 467 3652 mus.
486 3600 533 3652 En.
981 3616 1041 3652 sos.
1055 3595 1181 3652 Pteme
1192 3600 1316 3654 modu.
1330 3599 1446 3670 llisipss

437 3681 495 3749 198.
506 3679 564 3732 Hoc
570 3690 595 3732 st
601 3679 688 3730 Morte
694 3677 796 3730 diurno.
806 3679 900 3746 ssep-B
945 3676 1160 3750 diepraecedents
1168 3679 1231 3732 aiibi
1240 3697 1390 3734 successuro
1398 3677 1446 3730 bo-

396 3757 900 3826 babst,boeeetMurtedissrss.-Hoc
944 3759 1446 3822 numnunciaruntaves‚etounoetituu

397 3835 537 3888 sumutm.
548 3833 665 3906 sepelire
675 3856 681 3886 t
691 3835 719 3886 id
729 3849 781 3901 est,
791 3853 898 3906 posnani
944 3833 1082 3888 addicunt.
1097 3841 1155 3890 Vet.
1173 3836 1263 3892 Schoi.
1280 3838 1350 3892 Vere
1361 3857 1368 3889 ι
1382 3855 1444 3892 sssrn

396 3933 477 3986 quan
495 3914 618 3970 hostibus
638 3929 768 3968 tentamus
786 3917 898 3982 inferre,
943 3917 976 3970 de
985 3919 1077 3970 Noctis
1089 3937 1218 3990 prospero
1227 3921 1348 3989 Augusto
1359 3921 1445 3990 sequi·

395 4013 444 4067 pro
458 3995 596 4067 sepultura
608 3996 657 4050 erit
671 3997 804 4050 exstitistis
819 3999 897 4050 sociis
944 3999 1219 4065 turiuirasersusffi,
1230 4001 1443 4068 atumem,

394 4075 506 4128 nostris:
517 4073 705 4146 qussiultions
714 4073 847 4142 pendeant
857 4077 898 4128 iu·
942 4073 1063 4145 benignu
1079 4077 1173 4130 Noctis
1187 4095 1264 4140 sves3
1278 4095 1388 4149 nouos,
1402 4089 1444 4140 st,

393 4168 564 4208 seremtorusn
579 4169 681 4208 naues.
703 4183 738 4194 --
757 4153 894 4226 Equidem.
942 4159 1067 4210 eomitusu
1080 4157 1141 4210 lieet
1153 4161 1257 4228 namins
1270 4160 1444 4225 cessando-

394 4237 443 4286 Per
452 4235 564 4288 ironistn
574 4233 675 4288 dicturo
686 4247 739 4298 est,
751 4233 840 4295 idest,
855 4255 894 4286 re·
942 4237 983 4288 ius
997 4255 1039 4288 eo.
1050 4261 1061 4286 ι
1083 4239 1179 4292 Bsasn.
