<?xml version="1.0" encoding="UTF-8"?>
<!DOCTYPE html PUBLIC "-//W3C//DTD XHTML 1.0 Transitional//EN"
    "http://www.w3.org/TR/xhtml1/DTD/xhtml1-transitional.dtd">
<html xmlns="http://www.w3.org/1999/xhtml" xml:lang="en" lang="en">
 <head>
  <title>
</title>
<meta http-equiv="Content-Type" content="text/html;charset=utf-8" />
  <meta name='ocr-system' content='tesseract 3.04.00' />
  <meta name='ocr-capabilities' content='ocr_page ocr_carea ocr_par ocr_line ocrx_word'/>
</head>
<body>
  <div class='ocr_page' id='page_1' title='image "./libriquinquesil00statgoog_0518.png"; bbox 0 0 3256 5160; ppageno 0'>
   <div class='ocr_carea' id='block_1_1' title="bbox 244 549 1258 1665">
    <p class='ocr_par' dir='ltr' id='par_1_1' title="bbox 244 549 1258 1665">
     <span class='ocr_line' id='line_1_1' title="bbox 630 549 828 614; baseline -0.005 -1"><span class='ocrx_word' id='word_1_1' title='bbox 630 549 775 614; x_wconf 83' lang='lat' dir='ltr'>LIBER</span> <span class='ocrx_word' id='word_1_2' title='bbox 801 551 828 613; x_wconf 90' lang='lat' dir='ltr'>l.</span> 
     </span>
     <span class='ocr_line' id='line_1_2' title="bbox 248 673 1062 771; baseline -0.006 -26"><span class='ocrx_word' id='word_1_3' title='bbox 248 677 434 771; x_wconf 85' lang='lat' dir='ltr'>Delphines</span> <span class='ocrx_word' id='word_1_4' title='bbox 446 673 595 769; x_wconf 77' lang='lat' dir='ltr'>bijuges,</span> <span class='ocrx_word' id='word_1_5' title='bbox 611 697 699 768; x_wconf 89' lang='lat' dir='ltr'>quos</span> <span class='ocrx_word' id='word_1_6' title='bbox 711 673 760 742; x_wconf 92' lang='lat' dir='ltr'>illi</span> <span class='ocrx_word' id='word_1_7' title='bbox 773 676 921 742; x_wconf 82' lang='lat' dir='ltr'>maxima</span> <span class='ocrx_word' id='word_1_8' title='bbox 933 673 1062 768; x_wconf 80' lang='lat' dir='ltr'><strong>Tethys</strong></span> 
     </span>
     <span class='ocr_line' id='line_1_3' title="bbox 248 782 1044 882; baseline -0.004 -25"><span class='ocrx_word' id='word_1_9' title='bbox 248 792 388 882; x_wconf 81' lang='lat' dir='ltr'>Gurgite</span> <span class='ocrx_word' id='word_1_10' title='bbox 399 787 555 856; x_wconf 78' lang='lat' dir='ltr'>Atlanteo</span> <span class='ocrx_word' id='word_1_11' title='bbox 568 785 678 880; x_wconf 72' lang='lat' dir='ltr'>pelugi</span> <span class='ocrx_word' id='word_1_12' title='bbox 691 786 755 854; x_wconf 88' lang='lat' dir='ltr'>sub</span> <span class='ocrx_word' id='word_1_13' title='bbox 766 782 854 853; x_wconf 84' lang='lat' dir='ltr'>valle</span> <span class='ocrx_word' id='word_1_14' title='bbox 864 809 988 854; x_wconf 83' lang='lat' dir='ltr'>sonora</span> <span class='ocrx_word' id='word_1_15' title='bbox 1020 839 1021 844; x_wconf 18' lang='grc' dir='ltr'>η</span> <span class='ocrx_word' id='word_1_16' title='bbox 1041 823 1044 836; x_wconf 46' lang='grc' dir='ltr'><strong>ν</strong></span> 
     </span>
     <span class='ocr_line' id='line_1_4' title="bbox 247 895 1048 991; baseline -0.005 -21"><span class='ocrx_word' id='word_1_17' title='bbox 247 903 436 970; x_wconf 83' lang='lat' dir='ltr'>Nutrierat:</span> <span class='ocrx_word' id='word_1_18' title='bbox 449 897 554 968; x_wconf 90' lang='lat' dir='ltr'>nullis</span> <span class='ocrx_word' id='word_1_19' title='bbox 566 898 653 966; x_wconf 78' lang='lat' dir='ltr'>vada</span> <span class='ocrx_word' id='word_1_20' title='bbox 666 921 728 991; x_wconf 90' lang='lat' dir='ltr'>per</span> <span class='ocrx_word' id='word_1_21' title='bbox 738 901 907 990; x_wconf 74' lang='lat' dir='ltr'>Neptunia</span> <span class='ocrx_word' id='word_1_22' title='bbox 920 895 1048 990; x_wconf 72' lang='lat' dir='ltr'>gluucae</span> 
     </span>
     <span class='ocr_line' id='line_1_5' title="bbox 244 1008 1258 1106; baseline -0.002 -26"><span class='ocrx_word' id='word_1_23' title='bbox 244 1017 376 1080; x_wconf 87' lang='lat' dir='ltr'>Tantus</span> <span class='ocrx_word' id='word_1_24' title='bbox 389 1010 499 1080; x_wconf 91' lang='lat' dir='ltr'>honor</span> <span class='ocrx_word' id='word_1_25' title='bbox 512 1011 646 1092; x_wconf 65' lang='lat' dir='ltr'>formae,</span> <span class='ocrx_word' id='word_1_26' title='bbox 662 1008 835 1104; x_wconf 85' lang='lat' dir='ltr'>nandique</span> <span class='ocrx_word' id='word_1_27' title='bbox 847 1012 1016 1102; x_wconf 85' lang='lat' dir='ltr'>potentin;</span> <span class='ocrx_word' id='word_1_28' title='bbox 1029 1033 1092 1079; x_wconf 86' lang='lat' dir='ltr'>nec</span> <span class='ocrx_word' id='word_1_29' title='bbox 1101 1011 1181 1106; x_wconf 88' lang='lat' dir='ltr'>plus</span> <span class='ocrx_word' id='word_1_30' title='bbox 1206 1026 1258 1080; x_wconf 79' lang='lat'>225</span> 
     </span>
     <span class='ocr_line' id='line_1_6' title="bbox 244 1118 1061 1216; baseline 0.001 -26"><span class='ocrx_word' id='word_1_31' title='bbox 244 1125 393 1191; x_wconf 84' lang='lat' dir='ltr'><strong>Pectoris</strong></span> <span class='ocrx_word' id='word_1_32' title='bbox 405 1121 546 1190; x_wconf 80' lang='lat' dir='ltr'>humani</span> <span class='ocrx_word' id='word_1_33' title='bbox 557 1147 564 1189; x_wconf 92' lang='lat'><strong>:</strong></span> <span class='ocrx_word' id='word_1_34' title='bbox 574 1118 673 1214; x_wconf 89' lang='lat' dir='ltr'>jubet</span> <span class='ocrx_word' id='word_1_35' title='bbox 685 1120 748 1208; x_wconf 88' lang='lat' dir='ltr'>hos</span> <span class='ocrx_word' id='word_1_36' title='bbox 761 1120 946 1190; x_wconf 83' lang='lat' dir='ltr'>subsistere</span> <span class='ocrx_word' id='word_1_37' title='bbox 957 1121 1061 1216; x_wconf 90' lang='lat' dir='ltr'>pleno</span> 
     </span>
     <span class='ocr_line' id='line_1_7' title="bbox 244 1232 990 1326; baseline -0.003 -24"><span class='ocrx_word' id='word_1_38' title='bbox 244 1238 373 1316; x_wconf 83' lang='lat' dir='ltr'>Litore,</span> <span class='ocrx_word' id='word_1_39' title='bbox 386 1257 431 1302; x_wconf 89' lang='lat' dir='ltr'>ne</span> <span class='ocrx_word' id='word_1_40' title='bbox 443 1232 545 1302; x_wconf 84' lang='lat' dir='ltr'>nudae</span> <span class='ocrx_word' id='word_1_41' title='bbox 557 1251 703 1302; x_wconf 78' lang='lat' dir='ltr'>noceant</span> <span class='ocrx_word' id='word_1_42' title='bbox 713 1236 870 1326; x_wconf 78' lang='lat' dir='ltr'>contagia</span> <span class='ocrx_word' id='word_1_43' title='bbox 881 1249 990 1302; x_wconf 79' lang='lat' dir='ltr'>terrm.</span> 
     </span>
     <span class='ocr_line' id='line_1_8' title="bbox 246 1345 1092 1440; baseline 0.001 -27"><span class='ocrx_word' id='word_1_44' title='bbox 246 1351 325 1440; x_wconf 82' lang='lat' dir='ltr'>lpse</span> <span class='ocrx_word' id='word_1_45' title='bbox 338 1346 461 1415; x_wconf 89' lang='lat' dir='ltr'>dehinc</span> <span class='ocrx_word' id='word_1_46' title='bbox 473 1364 545 1416; x_wconf 91' lang='lat' dir='ltr'>toto</span> <span class='ocrx_word' id='word_1_47' title='bbox 558 1345 747 1414; x_wconf 90' lang='lat' dir='ltr'>resolutum</span> <span class='ocrx_word' id='word_1_48' title='bbox 759 1361 897 1440; x_wconf 81' lang='lat' dir='ltr'><strong>pectore</strong></span> <span class='ocrx_word' id='word_1_49' title='bbox 909 1345 1092 1431; x_wconf 84' lang='lat' dir='ltr'><strong>Achillem,</strong></span> 
     </span>
     <span class='ocr_line' id='line_1_9' title="bbox 244 1458 1068 1551; baseline 0.002 -27"><span class='ocrx_word' id='word_1_50' title='bbox 244 1461 310 1544; x_wconf 92' lang='lat' dir='ltr'>Qui</span> <span class='ocrx_word' id='word_1_51' title='bbox 322 1460 438 1550; x_wconf 88' lang='lat' dir='ltr'>pueris</span> <span class='ocrx_word' id='word_1_52' title='bbox 450 1480 571 1551; x_wconf 87' lang='lat' dir='ltr'>sopor,</span> <span class='ocrx_word' id='word_1_53' title='bbox 587 1461 755 1526; x_wconf 85' lang='lat' dir='ltr'>Haemonii</span> <span class='ocrx_word' id='word_1_54' title='bbox 768 1459 811 1527; x_wconf 88' lang='lat' dir='ltr'>de</span> <span class='ocrx_word' id='word_1_55' title='bbox 822 1458 967 1551; x_wconf 82' lang='lat' dir='ltr'>rupibus</span> <span class='ocrx_word' id='word_1_56' title='bbox 980 1462 1068 1526; x_wconf 83' lang='lat' dir='ltr'>antri</span> 
     </span>
     <span class='ocr_line' id='line_1_10' title="bbox 245 1566 1258 1665; baseline 0.001 -29"><span class='ocrx_word' id='word_1_57' title='bbox 245 1566 459 1662; x_wconf 87' lang='lat' dir='ltr'>Adplncidus</span> <span class='ocrx_word' id='word_1_58' title='bbox 470 1568 628 1665; x_wconf 81' lang='lat' dir='ltr'>deportet</span> <span class='ocrx_word' id='word_1_59' title='bbox 639 1587 809 1665; x_wconf 86' lang='lat' dir='ltr'>aquus‚et</span> <span class='ocrx_word' id='word_1_60' title='bbox 817 1567 913 1664; x_wconf 84' lang='lat' dir='ltr'>jussa</span> <span class='ocrx_word' id='word_1_61' title='bbox 924 1587 1037 1639; x_wconf 86' lang='lat' dir='ltr'>tacere</span> <span class='ocrx_word' id='word_1_62' title='bbox 1203 1584 1258 1646; x_wconf 68' lang='lat'>230</span> 
     </span>
    </p>
   </div>
   <div class='ocr_carea' id='block_1_2' title="bbox 193 1796 1260 4348">
    <p class='ocr_par' dir='ltr' id='par_1_2' title="bbox 193 1796 1259 2754">
     <span class='ocr_line' id='line_1_11' title="bbox 233 1796 1258 1873; baseline 0.005 -23"><span class='ocrx_word' id='word_1_63' title='bbox 233 1814 293 1850; x_wconf 89' lang='grc'><strong>222.</strong></span> <span class='ocrx_word' id='word_1_64' title='bbox 313 1796 704 1873; x_wconf 73' lang='lat' dir='ltr'>Delpltinnshijuqes‚quosilli</span> <span class='ocrx_word' id='word_1_65' title='bbox 749 1817 781 1852; x_wconf 84' lang='lat' dir='ltr'>ec</span> <span class='ocrx_word' id='word_1_66' title='bbox 799 1801 850 1852; x_wconf 82' lang='lat' dir='ltr'>nisi</span> <span class='ocrx_word' id='word_1_67' title='bbox 868 1798 980 1852; x_wconf 86' lang='lat' dir='ltr'>multum</span> <span class='ocrx_word' id='word_1_68' title='bbox 999 1801 1069 1852; x_wconf 80' lang='lat' dir='ltr'>iufra</span> <span class='ocrx_word' id='word_1_69' title='bbox 1088 1813 1206 1853; x_wconf 88' lang='lat' dir='ltr'>rostrum</span> <span class='ocrx_word' id='word_1_70' title='bbox 1226 1819 1258 1855; x_wconf 81' lang='lat' dir='ltr'>os</span> 
     </span>
     <span class='ocr_line' id='line_1_12' title="bbox 195 1876 1257 1952; baseline 0.008 -26"><span class='ocrx_word' id='word_1_71' title='bbox 195 1877 313 1932; x_wconf 79' lang='lat' dir='ltr'>maxima</span> <span class='ocrx_word' id='word_1_72' title='bbox 322 1877 347 1928; x_wconf 85' lang='lat' dir='ltr'><em>Y</em></span> <span class='ocrx_word' id='word_1_73' title='bbox 344 1877 426 1946; x_wconf 80' lang='lat' dir='ltr'>ethys.</span> <span class='ocrx_word' id='word_1_74' title='bbox 435 1876 629 1930; x_wconf 81' lang='lat' dir='ltr'>Tctltishebent</span> <span class='ocrx_word' id='word_1_75' title='bbox 637 1879 704 1930; x_wconf 88' lang='lat' dir='ltr'>Gro-</span> <span class='ocrx_word' id='word_1_76' title='bbox 748 1879 786 1931; x_wconf 93' lang='lat' dir='ltr'>illi</span> <span class='ocrx_word' id='word_1_77' title='bbox 805 1881 888 1943; x_wconf 84' lang='lat' dir='ltr'>foret,</span> <span class='ocrx_word' id='word_1_78' title='bbox 908 1879 996 1932; x_wconf 83' lang='lat' dir='ltr'>medio</span> <span class='ocrx_word' id='word_1_79' title='bbox 1015 1899 1089 1952; x_wconf 76' lang='lat' dir='ltr'>paene</span> <span class='ocrx_word' id='word_1_80' title='bbox 1103 1880 1130 1931; x_wconf 91' lang='lat' dir='ltr'>in</span> <span class='ocrx_word' id='word_1_81' title='bbox 1149 1895 1257 1950; x_wconf 78' lang='lat' dir='ltr'>ventre,</span> 
     </span>
     <span class='ocr_line' id='line_1_13' title="bbox 195 1953 1258 2031; baseline 0.005 -23"><span class='ocrx_word' id='word_1_82' title='bbox 195 1975 257 2008; x_wconf 84' lang='lat' dir='ltr'>nov.</span> <span class='ocrx_word' id='word_1_83' title='bbox 269 1955 357 2007; x_wconf 78' lang='lat' dir='ltr'>Barth.</span> <span class='ocrx_word' id='word_1_84' title='bbox 371 1953 468 2028; x_wconf 84' lang='lat' dir='ltr'>Delph.</span> <span class='ocrx_word' id='word_1_85' title='bbox 482 1971 508 2009; x_wconf 85' lang='lat' dir='ltr'>et</span> <span class='ocrx_word' id='word_1_86' title='bbox 520 1959 575 2029; x_wconf 84' lang='lat' dir='ltr'>Bip.</span> <span class='ocrx_word' id='word_1_87' title='bbox 589 1961 623 2008; x_wconf 86' lang='lat' dir='ltr'>At</span> <span class='ocrx_word' id='word_1_88' title='bbox 632 1957 704 2009; x_wconf 68' lang='lat' dir='ltr'>Gree-</span> <span class='ocrx_word' id='word_1_89' title='bbox 749 1957 958 2030; x_wconf 85' lang='lat' dir='ltr'>nulluspiscium</span> <span class='ocrx_word' id='word_1_90' title='bbox 967 1958 1127 2011; x_wconf 73' lang='lat' dir='ltr'>celeritatem</span> <span class='ocrx_word' id='word_1_91' title='bbox 1137 1961 1258 2031; x_wconf 81' lang='lat' dir='ltr'>ejuseuu-</span> 
     </span>
     <span class='ocr_line' id='line_1_14' title="bbox 195 2037 1258 2113; baseline 0.003 -24"><span class='ocrx_word' id='word_1_92' title='bbox 195 2055 258 2090; x_wconf 89' lang='lat' dir='ltr'>cum</span> <span class='ocrx_word' id='word_1_93' title='bbox 275 2051 314 2090; x_wconf 89' lang='lat' dir='ltr'>est</span> <span class='ocrx_word' id='word_1_94' title='bbox 324 2037 406 2094; x_wconf 68' lang='grc' dir='ltr'><em>Τηθύς·</em></span> <span class='ocrx_word' id='word_1_95' title='bbox 421 2055 581 2092; x_wconf 79' lang='lat' dir='ltr'>matertere</span> <span class='ocrx_word' id='word_1_96' title='bbox 593 2038 704 2092; x_wconf 83' lang='lat' dir='ltr'>Achillis</span> <span class='ocrx_word' id='word_1_97' title='bbox 748 2037 838 2090; x_wconf 82' lang='lat' dir='ltr'>deret:</span> <span class='ocrx_word' id='word_1_98' title='bbox 851 2037 897 2090; x_wconf 85' lang='lat' dir='ltr'>sed</span> <span class='ocrx_word' id='word_1_99' title='bbox 910 2037 989 2090; x_wconf 81' lang='lat' dir='ltr'>affert</span> <span class='ocrx_word' id='word_1_100' title='bbox 1000 2057 1101 2090; x_wconf 85' lang='lat' dir='ltr'>morum</span> <span class='ocrx_word' id='word_1_101' title='bbox 1112 2039 1258 2113; x_wconf 86' lang='lat' dir='ltr'>providen-</span> 
     </span>
     <span class='ocr_line' id='line_1_15' title="bbox 195 2116 1257 2192; baseline 0.003 -23"><span class='ocrx_word' id='word_1_102' title='bbox 195 2135 210 2169; x_wconf 84' lang='lat' dir='ltr'>e</span> <span class='ocrx_word' id='word_1_103' title='bbox 229 2131 321 2170; x_wconf 85' lang='lat' dir='ltr'>contra</span> <span class='ocrx_word' id='word_1_104' title='bbox 340 2116 418 2172; x_wconf 74' lang='lat' dir='ltr'>eine.</span> <span class='ocrx_word' id='word_1_105' title='bbox 438 2120 496 2169; x_wconf 89' lang='lat' dir='ltr'>lloc</span> <span class='ocrx_word' id='word_1_106' title='bbox 513 2120 636 2172; x_wconf 84' lang='lat' dir='ltr'>omnibus</span> <span class='ocrx_word' id='word_1_107' title='bbox 654 2137 704 2170; x_wconf 89' lang='lat' dir='ltr'>no·</span> <span class='ocrx_word' id='word_1_108' title='bbox 748 2119 785 2169; x_wconf 85' lang='lat' dir='ltr'>tie</span> <span class='ocrx_word' id='word_1_109' title='bbox 807 2129 921 2182; x_wconf 80' lang='lat' dir='ltr'>neturae,</span> <span class='ocrx_word' id='word_1_110' title='bbox 944 2121 1003 2190; x_wconf 83' lang='lat' dir='ltr'>quin</span> <span class='ocrx_word' id='word_1_111' title='bbox 1019 2119 1066 2170; x_wconf 85' lang='lat' dir='ltr'>nisi</span> <span class='ocrx_word' id='word_1_112' title='bbox 1086 2121 1204 2192; x_wconf 80' lang='lat' dir='ltr'>resupini</span> <span class='ocrx_word' id='word_1_113' title='bbox 1226 2139 1257 2172; x_wconf 81' lang='lat' dir='ltr'>ac</span> 
     </span>
     <span class='ocr_line' id='line_1_16' title="bbox 194 2193 1258 2271; baseline 0 -22"><span class='ocrx_word' id='word_1_114' title='bbox 194 2210 262 2250; x_wconf 88' lang='lat' dir='ltr'>turn.</span> <span class='ocrx_word' id='word_1_115' title='bbox 275 2200 388 2268; x_wconf 45' lang='lat' dir='ltr'>alleg.</span> <span class='ocrx_word' id='word_1_116' title='bbox 403 2199 422 2249; x_wconf 90' lang='lat' dir='ltr'>B</span> <span class='ocrx_word' id='word_1_117' title='bbox 433 2197 546 2269; x_wconf 70' lang='lat' dir='ltr'>praebet,</span> <span class='ocrx_word' id='word_1_118' title='bbox 558 2198 705 2271; x_wconf 80' lang='lat' dir='ltr'>Delphines</span> <span class='ocrx_word' id='word_1_119' title='bbox 749 2198 869 2247; x_wconf 81' lang='lat' dir='ltr'>conversi</span> <span class='ocrx_word' id='word_1_120' title='bbox 882 2215 937 2246; x_wconf 92' lang='lat' dir='ltr'>non</span> <span class='ocrx_word' id='word_1_121' title='bbox 949 2193 1111 2268; x_wconf 88' lang='lat' dir='ltr'>corripiunt:</span> <span class='ocrx_word' id='word_1_122' title='bbox 1126 2215 1179 2269; x_wconf 81' lang='lat' dir='ltr'>qua</span> <span class='ocrx_word' id='word_1_123' title='bbox 1191 2215 1258 2249; x_wconf 80' lang='lat' dir='ltr'>cau-</span> 
     </span>
     <span class='ocr_line' id='line_1_17' title="bbox 194 2276 1258 2352; baseline 0.003 -24"><span class='ocrx_word' id='word_1_124' title='bbox 194 2277 309 2352; x_wconf 66' lang='lat' dir='ltr'>hijuposf</span> <span class='ocrx_word' id='word_1_125' title='bbox 320 2277 385 2348; x_wconf 71' lang='lat' dir='ltr'>[leg.</span> <span class='ocrx_word' id='word_1_126' title='bbox 395 2278 429 2342; x_wconf 92' lang='lat' dir='ltr'>C,</span> <span class='ocrx_word' id='word_1_127' title='bbox 441 2276 584 2348; x_wconf 75' lang='lat' dir='ltr'>Delphines</span> <span class='ocrx_word' id='word_1_128' title='bbox 596 2278 702 2349; x_wconf 70' lang='lat' dir='ltr'>htj&#39;uqoe</span> <span class='ocrx_word' id='word_1_129' title='bbox 749 2295 777 2330; x_wconf 83' lang='lat' dir='ltr'>sa</span> <span class='ocrx_word' id='word_1_130' title='bbox 790 2280 923 2349; x_wconf 68' lang='lat' dir='ltr'>precipue</span> <span class='ocrx_word' id='word_1_131' title='bbox 933 2277 1101 2330; x_wconf 79' lang='lat' dir='ltr'>velocitatem</span> <span class='ocrx_word' id='word_1_132' title='bbox 1112 2296 1206 2330; x_wconf 89' lang='lat' dir='ltr'>eorum</span> <span class='ocrx_word' id='word_1_133' title='bbox 1216 2297 1258 2331; x_wconf 86' lang='lat' dir='ltr'>os·</span> 
     </span>
     <span class='ocr_line' id='line_1_18' title="bbox 193 2355 1259 2430; baseline 0.003 -22"><span class='ocrx_word' id='word_1_134' title='bbox 193 2359 240 2408; x_wconf 89' lang='lat' dir='ltr'>Eo.</span> <span class='ocrx_word' id='word_1_135' title='bbox 256 2387 292 2396; x_wconf 89' lang='lat'>—</span> <span class='ocrx_word' id='word_1_136' title='bbox 311 2357 423 2430; x_wconf 72' lang='lat' dir='ltr'>Bijnpes.</span> <span class='ocrx_word' id='word_1_137' title='bbox 440 2358 494 2424; x_wconf 91' lang='lat' dir='ltr'>Qui</span> <span class='ocrx_word' id='word_1_138' title='bbox 508 2370 634 2428; x_wconf 76' lang='lat' dir='ltr'>tanquam</span> <span class='ocrx_word' id='word_1_139' title='bbox 648 2355 703 2408; x_wconf 86' lang='lat' dir='ltr'>duo</span> <span class='ocrx_word' id='word_1_140' title='bbox 749 2357 832 2408; x_wconf 84' lang='lat' dir='ltr'>tendit</span> <span class='ocrx_word' id='word_1_141' title='bbox 841 2380 847 2408; x_wconf 73' lang='grc' dir='ltr'><strong>ε</strong></span> <span class='ocrx_word' id='word_1_142' title='bbox 856 2377 917 2410; x_wconf 78' lang='lat' dir='ltr'>nam</span> <span class='ocrx_word' id='word_1_143' title='bbox 930 2376 1011 2429; x_wconf 88' lang='lat' dir='ltr'>quum</span> <span class='ocrx_word' id='word_1_144' title='bbox 1025 2359 1095 2410; x_wconf 77' lang='lat' dir='ltr'>farne</span> <span class='ocrx_word' id='word_1_145' title='bbox 1106 2361 1213 2426; x_wconf 86' lang='lat' dir='ltr'>conciti,</span> <span class='ocrx_word' id='word_1_146' title='bbox 1220 2360 1259 2411; x_wconf 83' lang='lat' dir='ltr'>lu·</span> 
     </span>
     <span class='ocr_line' id='line_1_19' title="bbox 194 2436 1258 2510; baseline 0.002 -21"><span class='ocrx_word' id='word_1_147' title='bbox 194 2439 256 2508; x_wconf 86' lang='lat' dir='ltr'>equi</span> <span class='ocrx_word' id='word_1_148' title='bbox 265 2441 416 2508; x_wconf 66' lang='lat' dir='ltr'>junguntur</span> <span class='ocrx_word' id='word_1_149' title='bbox 424 2436 458 2488; x_wconf 80' lang='lat' dir='ltr'>sd</span> <span class='ocrx_word' id='word_1_150' title='bbox 468 2455 583 2488; x_wconf 82' lang='lat' dir='ltr'>currum.</span> <span class='ocrx_word' id='word_1_151' title='bbox 596 2440 702 2490; x_wconf 73' lang='lat' dir='ltr'>hittun.</span> <span class='ocrx_word' id='word_1_152' title='bbox 748 2441 861 2509; x_wconf 75' lang='lat' dir='ltr'>gientem</span> <span class='ocrx_word' id='word_1_153' title='bbox 882 2441 909 2490; x_wconf 90' lang='lat' dir='ltr'>in</span> <span class='ocrx_word' id='word_1_154' title='bbox 921 2438 988 2490; x_wconf 80' lang='lat' dir='ltr'>vado</span> <span class='ocrx_word' id='word_1_155' title='bbox 1002 2440 1053 2490; x_wconf 84' lang='lat' dir='ltr'>ime</span> <span class='ocrx_word' id='word_1_156' title='bbox 1069 2441 1201 2510; x_wconf 81' lang='lat' dir='ltr'>persecuti</span> <span class='ocrx_word' id='word_1_157' title='bbox 1218 2440 1258 2510; x_wconf 90' lang='lat' dir='ltr'>pi-</span> 
     </span>
     <span class='ocr_line' id='line_1_20' title="bbox 193 2518 1258 2592; baseline 0.002 -22"><span class='ocrx_word' id='word_1_158' title='bbox 193 2520 358 2572; x_wconf 50' lang='lat' dir='ltr'>*ttaxtma</span> <span class='ocrx_word' id='word_1_159' title='bbox 370 2518 473 2588; x_wconf 80' lang='lat' dir='ltr'>Tethys.</span> <span class='ocrx_word' id='word_1_160' title='bbox 486 2519 531 2570; x_wconf 85' lang='lat' dir='ltr'>Est</span> <span class='ocrx_word' id='word_1_161' title='bbox 541 2537 608 2570; x_wconf 85' lang='lat' dir='ltr'>uxor</span> <span class='ocrx_word' id='word_1_162' title='bbox 617 2521 704 2572; x_wconf 81' lang='lat' dir='ltr'>Ocea·</span> <span class='ocrx_word' id='word_1_163' title='bbox 749 2537 834 2586; x_wconf 86' lang='lat' dir='ltr'>seem,</span> <span class='ocrx_word' id='word_1_164' title='bbox 844 2519 942 2572; x_wconf 83' lang='lat' dir='ltr'>diutius</span> <span class='ocrx_word' id='word_1_165' title='bbox 953 2521 1074 2592; x_wconf 87' lang='lat' dir='ltr'>spiritum</span> <span class='ocrx_word' id='word_1_166' title='bbox 1084 2523 1258 2586; x_wconf 76' lang='lat' dir='ltr'>continuere,</span> 
     </span>
     <span class='ocr_line' id='line_1_21' title="bbox 194 2599 1257 2674; baseline 0 -22"><span class='ocrx_word' id='word_1_167' title='bbox 194 2601 395 2653; x_wconf 74' lang='lat' dir='ltr'>nitmnximum</span> <span class='ocrx_word' id='word_1_168' title='bbox 407 2601 472 2652; x_wconf 81' lang='lat' dir='ltr'>dixit</span> <span class='ocrx_word' id='word_1_169' title='bbox 483 2599 517 2652; x_wconf 85' lang='lat' dir='ltr'>nd</span> <span class='ocrx_word' id='word_1_170' title='bbox 528 2601 703 2654; x_wconf 77' lang='lat' dir='ltr'>differentiam</span> <span class='ocrx_word' id='word_1_171' title='bbox 749 2612 779 2652; x_wconf 87' lang='lat' dir='ltr'>nt</span> <span class='ocrx_word' id='word_1_172' title='bbox 800 2619 865 2652; x_wconf 84' lang='lat' dir='ltr'>ercu</span> <span class='ocrx_word' id='word_1_173' title='bbox 887 2601 991 2666; x_wconf 86' lang='lat' dir='ltr'>emissi,</span> <span class='ocrx_word' id='word_1_174' title='bbox 1016 2599 1050 2651; x_wconf 81' lang='lat' dir='ltr'>ad</span> <span class='ocrx_word' id='word_1_175' title='bbox 1072 2601 1257 2674; x_wconf 83' lang='lat' dir='ltr'>respirandum</span> 
     </span>
     <span class='ocr_line' id='line_1_22' title="bbox 194 2679 1257 2754; baseline 0 -22"><span class='ocrx_word' id='word_1_176' title='bbox 194 2681 279 2754; x_wconf 85' lang='lat' dir='ltr'>ipsius</span> <span class='ocrx_word' id='word_1_177' title='bbox 290 2679 423 2745; x_wconf 83' lang='lat' dir='ltr'>Thetidis,</span> <span class='ocrx_word' id='word_1_178' title='bbox 435 2682 526 2732; x_wconf 76' lang='lat' dir='ltr'>metris</span> <span class='ocrx_word' id='word_1_179' title='bbox 538 2679 656 2732; x_wconf 78' lang='lat' dir='ltr'>Achillis.</span> <span class='ocrx_word' id='word_1_180' title='bbox 749 2681 882 2731; x_wconf 83' lang='lat' dir='ltr'>emicent:</span> <span class='ocrx_word' id='word_1_181' title='bbox 897 2693 1025 2752; x_wconf 80' lang='lat' dir='ltr'>tantaque</span> <span class='ocrx_word' id='word_1_182' title='bbox 1037 2681 1062 2730; x_wconf 84' lang='lat' dir='ltr'>vi</span> <span class='ocrx_word' id='word_1_183' title='bbox 1075 2681 1212 2746; x_wconf 79' lang='lat' dir='ltr'>exsiliunt,</span> <span class='ocrx_word' id='word_1_184' title='bbox 1226 2694 1257 2733; x_wconf 90' lang='lat' dir='ltr'>ut</span> 
     </span>
    </p>

    <p class='ocr_par' dir='ltr' id='par_1_3' title="bbox 194 2759 1260 3548">
     <span class='ocr_line' id='line_1_23' title="bbox 233 2759 1256 2834; baseline 0.003 -23"><span class='ocrx_word' id='word_1_185' title='bbox 233 2760 294 2811; x_wconf 86' lang='grc'><strong>223.</strong></span> <span class='ocrx_word' id='word_1_186' title='bbox 312 2761 420 2831; x_wconf 75' lang='lat' dir='ltr'>Gurpt&#39;te</span> <span class='ocrx_word' id='word_1_187' title='bbox 438 2759 571 2812; x_wconf 82' lang='lat' dir='ltr'>Atlanteo.</span> <span class='ocrx_word' id='word_1_188' title='bbox 589 2763 619 2810; x_wconf 93' lang='lat' dir='ltr'>ln</span> <span class='ocrx_word' id='word_1_189' title='bbox 638 2761 705 2812; x_wconf 76' lang='lat' dir='ltr'>nturi</span> <span class='ocrx_word' id='word_1_190' title='bbox 748 2762 907 2834; x_wconf 86' lang='lat' dir='ltr'>plerumque</span> <span class='ocrx_word' id='word_1_191' title='bbox 926 2759 985 2814; x_wconf 83' lang='lat' dir='ltr'>vela</span> <span class='ocrx_word' id='word_1_192' title='bbox 1006 2761 1114 2812; x_wconf 78' lang='lat' dir='ltr'>narium</span> <span class='ocrx_word' id='word_1_193' title='bbox 1136 2776 1256 2814; x_wconf 81' lang='lat' dir='ltr'>transvo-</span> 
     </span>
     <span class='ocr_line' id='line_1_24' title="bbox 194 2837 812 2910; baseline 0.003 -20"><span class='ocrx_word' id='word_1_194' title='bbox 194 2837 345 2902; x_wconf 79' lang='lat' dir='ltr'>Atlentico,</span> <span class='ocrx_word' id='word_1_195' title='bbox 361 2837 435 2909; x_wconf 91' lang='lat' dir='ltr'>quod</span> <span class='ocrx_word' id='word_1_196' title='bbox 451 2838 561 2910; x_wconf 76' lang='lat' dir='ltr'>Lybiem</span> <span class='ocrx_word' id='word_1_197' title='bbox 580 2838 613 2889; x_wconf 80' lang='lat' dir='ltr'>ab</span> <span class='ocrx_word' id='word_1_198' title='bbox 625 2840 704 2891; x_wconf 89' lang='lat' dir='ltr'>Occi·</span> <span class='ocrx_word' id='word_1_199' title='bbox 749 2840 812 2893; x_wconf 88' lang='lat' dir='ltr'>lent.</span> 
     </span>
     <span class='ocr_line' id='line_1_25' title="bbox 195 2917 1258 2988; baseline 0.005 -20"><span class='ocrx_word' id='word_1_200' title='bbox 195 2917 276 2970; x_wconf 90' lang='lat' dir='ltr'>dente</span> <span class='ocrx_word' id='word_1_201' title='bbox 285 2917 564 2981; x_wconf 79' lang='lat' dir='ltr'>claudit,ehlulnclra</span> <span class='ocrx_word' id='word_1_202' title='bbox 575 2918 656 2969; x_wconf 80' lang='lat' dir='ltr'>florio</span> <span class='ocrx_word' id='word_1_203' title='bbox 666 2921 705 2970; x_wconf 89' lang='lat' dir='ltr'>in·</span> <span class='ocrx_word' id='word_1_204' title='bbox 787 2919 847 2972; x_wconf 90' lang='grc'><strong>226.</strong></span> <span class='ocrx_word' id='word_1_205' title='bbox 875 2919 988 2970; x_wconf 82' lang='lat' dir='ltr'>Pectoris</span> <span class='ocrx_word' id='word_1_206' title='bbox 1009 2917 1129 2972; x_wconf 84' lang='lat' dir='ltr'>humani.</span> <span class='ocrx_word' id='word_1_207' title='bbox 1149 2919 1180 2970; x_wconf 91' lang='lat' dir='ltr'>ld</span> <span class='ocrx_word' id='word_1_208' title='bbox 1201 2933 1258 2988; x_wconf 83' lang='lat' dir='ltr'>ost,</span> 
     </span>
     <span class='ocr_line' id='line_1_26' title="bbox 194 2995 1260 3070; baseline 0.001 -21"><span class='ocrx_word' id='word_1_209' title='bbox 194 2999 274 3069; x_wconf 84' lang='lat' dir='ltr'>cipit,</span> <span class='ocrx_word' id='word_1_210' title='bbox 288 2999 332 3070; x_wconf 90' lang='lat' dir='ltr'>qui</span> <span class='ocrx_word' id='word_1_211' title='bbox 345 2999 453 3048; x_wconf 79' lang='lat' dir='ltr'>Mauros</span> <span class='ocrx_word' id='word_1_212' title='bbox 466 3016 480 3048; x_wconf 85' lang='lat' dir='ltr'>n</span> <span class='ocrx_word' id='word_1_213' title='bbox 494 2997 615 3050; x_wconf 86' lang='lat' dir='ltr'>Numidis</span> <span class='ocrx_word' id='word_1_214' title='bbox 627 3017 705 3070; x_wconf 78' lang='lat' dir='ltr'>sepe·</span> <span class='ocrx_word' id='word_1_215' title='bbox 750 2997 881 3048; x_wconf 79' lang='lat' dir='ltr'>effectust</span> <span class='ocrx_word' id='word_1_216' title='bbox 903 2998 965 3068; x_wconf 82' lang='lat' dir='ltr'>quin</span> <span class='ocrx_word' id='word_1_217' title='bbox 980 2995 1129 3067; x_wconf 78' lang='lat' dir='ltr'>Delphinus</span> <span class='ocrx_word' id='word_1_218' title='bbox 1148 3011 1187 3050; x_wconf 90' lang='lat' dir='ltr'>est</span> <span class='ocrx_word' id='word_1_219' title='bbox 1204 2997 1260 3050; x_wconf 90' lang='lat' dir='ltr'>ho·</span> 
     </span>
     <span class='ocr_line' id='line_1_27' title="bbox 195 3075 1258 3150; baseline 0.004 -22"><span class='ocrx_word' id='word_1_220' title='bbox 195 3091 244 3129; x_wconf 88' lang='lat' dir='ltr'>rut.</span> <span class='ocrx_word' id='word_1_221' title='bbox 262 3076 374 3150; x_wconf 76' lang='lat' dir='ltr'>Abylnm</span> <span class='ocrx_word' id='word_1_222' title='bbox 387 3075 600 3128; x_wconf 81' lang='lat' dir='ltr'>montemnbluit</span> <span class='ocrx_word' id='word_1_223' title='bbox 617 3080 705 3148; x_wconf 77' lang='lat' dir='ltr'>ingre·</span> <span class='ocrx_word' id='word_1_224' title='bbox 749 3079 813 3130; x_wconf 86' lang='lat' dir='ltr'>ruini</span> <span class='ocrx_word' id='word_1_225' title='bbox 838 3080 955 3144; x_wconf 80' lang='lat' dir='ltr'>amicus,</span> <span class='ocrx_word' id='word_1_226' title='bbox 977 3091 1007 3129; x_wconf 92' lang='lat' dir='ltr'>ut</span> <span class='ocrx_word' id='word_1_227' title='bbox 1029 3078 1145 3149; x_wconf 77' lang='lat' dir='ltr'>probent</span> <span class='ocrx_word' id='word_1_228' title='bbox 1170 3079 1258 3132; x_wconf 72' lang='lat' dir='ltr'>multer</span> 
     </span>
     <span class='ocr_line' id='line_1_28' title="bbox 195 3157 1258 3230; baseline 0.004 -22"><span class='ocrx_word' id='word_1_229' title='bbox 195 3157 272 3208; x_wconf 86' lang='lat' dir='ltr'>diens</span> <span class='ocrx_word' id='word_1_230' title='bbox 283 3159 430 3208; x_wconf 80' lang='lat' dir='ltr'>Oceanum.</span> <span class='ocrx_word' id='word_1_231' title='bbox 442 3157 547 3208; x_wconf 73' lang='lat' dir='ltr'>Murus.</span> <span class='ocrx_word' id='word_1_232' title='bbox 558 3157 641 3209; x_wconf 88' lang='lat' dir='ltr'>—De</span> <span class='ocrx_word' id='word_1_233' title='bbox 653 3157 704 3209; x_wconf 88' lang='lat' dir='ltr'>hoc</span> <span class='ocrx_word' id='word_1_234' title='bbox 748 3157 878 3225; x_wconf 74' lang='lat' dir='ltr'>historie,</span> <span class='ocrx_word' id='word_1_235' title='bbox 893 3175 958 3230; x_wconf 82' lang='lat' dir='ltr'>quas</span> <span class='ocrx_word' id='word_1_236' title='bbox 972 3157 1085 3222; x_wconf 87' lang='lat' dir='ltr'>Plinius,</span> <span class='ocrx_word' id='word_1_237' title='bbox 1100 3159 1258 3230; x_wconf 78' lang='lat' dir='ltr'>Oppianus,</span> 
     </span>
     <span class='ocr_line' id='line_1_29' title="bbox 195 3235 1258 3309; baseline 0.003 -20"><span class='ocrx_word' id='word_1_238' title='bbox 195 3237 256 3290; x_wconf 86' lang='lat' dir='ltr'>loco</span> <span class='ocrx_word' id='word_1_239' title='bbox 266 3236 325 3288; x_wconf 81' lang='lat' dir='ltr'>vide</span> <span class='ocrx_word' id='word_1_240' title='bbox 336 3249 427 3288; x_wconf 81' lang='lat' dir='ltr'>notata</span> <span class='ocrx_word' id='word_1_241' title='bbox 438 3235 471 3288; x_wconf 77' lang='lat' dir='ltr'>etl</span> <span class='ocrx_word' id='word_1_242' title='bbox 481 3239 572 3288; x_wconf 73' lang='lat' dir='ltr'>Anien.</span> <span class='ocrx_word' id='word_1_243' title='bbox 584 3237 702 3309; x_wconf 87' lang='lat' dir='ltr'>Descrip.</span> <span class='ocrx_word' id='word_1_244' title='bbox 749 3240 869 3303; x_wconf 83' lang='lat' dir='ltr'>Solinus,</span> <span class='ocrx_word' id='word_1_245' title='bbox 884 3237 999 3304; x_wconf 85' lang='lat' dir='ltr'>Gellius,</span> <span class='ocrx_word' id='word_1_246' title='bbox 1014 3251 1041 3290; x_wconf 87' lang='lat' dir='ltr'>et</span> <span class='ocrx_word' id='word_1_247' title='bbox 1051 3237 1201 3292; x_wconf 78' lang='lat' dir='ltr'>Herodotus</span> <span class='ocrx_word' id='word_1_248' title='bbox 1213 3257 1258 3292; x_wconf 89' lang='lat' dir='ltr'>re-</span> 
     </span>
     <span class='ocr_line' id='line_1_30' title="bbox 195 3316 1257 3390; baseline 0 -19"><span class='ocrx_word' id='word_1_249' title='bbox 195 3317 275 3371; x_wconf 85' lang='lat' dir='ltr'>Orbis</span> <span class='ocrx_word' id='word_1_250' title='bbox 293 3319 395 3383; x_wconf 62' lang='lat' dir='ltr'>Tene,</span> <span class='ocrx_word' id='word_1_251' title='bbox 410 3336 448 3369; x_wconf 84' lang='lat' dir='ltr'>vs.</span> <span class='ocrx_word' id='word_1_252' title='bbox 467 3316 519 3386; x_wconf 85' lang='lat'>395</span> <span class='ocrx_word' id='word_1_253' title='bbox 537 3317 604 3370; x_wconf 77' lang='lat' dir='ltr'>«ulti</span> <span class='ocrx_word' id='word_1_254' title='bbox 622 3331 704 3370; x_wconf 79' lang='lat' dir='ltr'>terras</span> <span class='ocrx_word' id='word_1_255' title='bbox 749 3317 847 3368; x_wconf 84' lang='lat' dir='ltr'>ferunt.</span> <span class='ocrx_word' id='word_1_256' title='bbox 861 3346 896 3355; x_wconf 93' lang='lat'>-</span> <span class='ocrx_word' id='word_1_257' title='bbox 908 3317 1044 3370; x_wconf 81' lang='lat' dir='ltr'>Subsistere</span> <span class='ocrx_word' id='word_1_258' title='bbox 1056 3316 1137 3390; x_wconf 82' lang='lat' dir='ltr'>pleno</span> <span class='ocrx_word' id='word_1_259' title='bbox 1153 3317 1257 3388; x_wconf 83' lang='lat' dir='ltr'>Litore,</span> 
     </span>
     <span class='ocr_line' id='line_1_31' title="bbox 195 3396 1256 3470; baseline -0.001 -19"><span class='ocrx_word' id='word_1_260' title='bbox 195 3399 278 3451; x_wconf 82' lang='lat' dir='ltr'>intrat</span> <span class='ocrx_word' id='word_1_261' title='bbox 292 3398 408 3449; x_wconf 83' lang='lat' dir='ltr'>Atlantei</span> <span class='ocrx_word' id='word_1_262' title='bbox 422 3400 460 3448; x_wconf 86' lang='lat' dir='ltr'>vis</span> <span class='ocrx_word' id='word_1_263' title='bbox 475 3399 611 3469; x_wconf 73' lang='lat' dir='ltr'>sequeris·</span> <span class='ocrx_word' id='word_1_264' title='bbox 629 3400 702 3450; x_wconf 77' lang='lat' dir='ltr'>Post,</span> <span class='ocrx_word' id='word_1_265' title='bbox 741 3415 783 3450; x_wconf 79' lang='lat' dir='ltr'>,ne</span> <span class='ocrx_word' id='word_1_266' title='bbox 803 3396 878 3449; x_wconf 68' lang='lat' dir='ltr'>nudae</span> <span class='ocrx_word' id='word_1_267' title='bbox 900 3405 1011 3448; x_wconf 79' lang='lat' dir='ltr'>noceant</span> <span class='ocrx_word' id='word_1_268' title='bbox 1030 3397 1151 3470; x_wconf 70' lang='lat' dir='ltr'>coutnqt&#39;n</span> <span class='ocrx_word' id='word_1_269' title='bbox 1175 3407 1256 3450; x_wconf 74' lang='lat' dir='ltr'>terrm.</span> 
     </span>
     <span class='ocr_line' id='line_1_32' title="bbox 194 3473 1257 3548; baseline -0.004 -16"><span class='ocrx_word' id='word_1_270' title='bbox 194 3479 224 3533; x_wconf 83' lang='lat' dir='ltr'>L.</span> <span class='ocrx_word' id='word_1_271' title='bbox 241 3480 278 3531; x_wconf 88' lang='grc' dir='ltr'>Μ.</span> <span class='ocrx_word' id='word_1_272' title='bbox 301 3492 319 3529; x_wconf 91' lang='lat' dir='ltr'>t.</span> <span class='ocrx_word' id='word_1_273' title='bbox 339 3479 372 3543; x_wconf 88' lang='lat' dir='ltr'>V,</span> <span class='ocrx_word' id='word_1_274' title='bbox 391 3497 417 3548; x_wconf 92' lang='lat' dir='ltr'>p.</span> <span class='ocrx_word' id='word_1_275' title='bbox 444 3488 577 3546; x_wconf 78' lang='lat' dir='ltr'>179n0n.</span> <span class='ocrx_word' id='word_1_276' title='bbox 594 3475 636 3529; x_wconf 91' lang='lat' dir='ltr'>ed.</span> <span class='ocrx_word' id='word_1_277' title='bbox 656 3479 703 3529; x_wconf 88' lang='lat' dir='ltr'>En.</span> <span class='ocrx_word' id='word_1_278' title='bbox 749 3474 848 3528; x_wconf 85' lang='lat' dir='ltr'>Plinius</span> <span class='ocrx_word' id='word_1_279' title='bbox 862 3475 983 3526; x_wconf 78' lang='lat' dir='ltr'>observat</span> <span class='ocrx_word' id='word_1_280' title='bbox 993 3473 1092 3527; x_wconf 85' lang='lat' dir='ltr'>ibidem</span> <span class='ocrx_word' id='word_1_281' title='bbox 1105 3475 1257 3547; x_wconf 88' lang='lat' dir='ltr'>deDelphi·</span> 
     </span>
    </p>

    <p class='ocr_par' dir='ltr' id='par_1_4' title="bbox 194 3555 1258 3949">
     <span class='ocr_line' id='line_1_33' title="bbox 232 3555 1257 3627; baseline -0.002 -17"><span class='ocrx_word' id='word_1_282' title='bbox 232 3559 293 3625; x_wconf 75' lang='grc'><strong>224.</strong></span> <span class='ocrx_word' id='word_1_283' title='bbox 308 3556 422 3610; x_wconf 83' lang='lat' dir='ltr'>Glaucoe.</span> <span class='ocrx_word' id='word_1_284' title='bbox 433 3557 552 3609; x_wconf 80' lang='lat' dir='ltr'>Glaucus</span> <span class='ocrx_word' id='word_1_285' title='bbox 562 3555 637 3607; x_wconf 88' lang='lat' dir='ltr'>color</span> <span class='ocrx_word' id='word_1_286' title='bbox 646 3575 705 3627; x_wconf 89' lang='lat' dir='ltr'>pro-</span> <span class='ocrx_word' id='word_1_287' title='bbox 749 3556 805 3621; x_wconf 87' lang='lat' dir='ltr'>nis,</span> <span class='ocrx_word' id='word_1_288' title='bbox 819 3559 893 3627; x_wconf 86' lang='lat' dir='ltr'>ipsos</span> <span class='ocrx_word' id='word_1_289' title='bbox 909 3555 994 3607; x_wconf 86' lang='lat' dir='ltr'>solere</span> <span class='ocrx_word' id='word_1_290' title='bbox 1010 3555 1036 3606; x_wconf 85' lang='lat' dir='ltr'>in</span> <span class='ocrx_word' id='word_1_291' title='bbox 1053 3566 1150 3606; x_wconf 84' lang='lat' dir='ltr'>terrum</span> <span class='ocrx_word' id='word_1_292' title='bbox 1167 3575 1257 3608; x_wconf 88' lang='lat' dir='ltr'>erum-</span> 
     </span>
     <span class='ocr_line' id='line_1_34' title="bbox 194 3633 1257 3711; baseline -0.004 -21"><span class='ocrx_word' id='word_1_293' title='bbox 194 3640 253 3711; x_wconf 89' lang='lat' dir='ltr'>prie</span> <span class='ocrx_word' id='word_1_294' title='bbox 275 3639 389 3710; x_wconf 83' lang='lat' dir='ltr'>piscium</span> <span class='ocrx_word' id='word_1_295' title='bbox 414 3649 472 3702; x_wconf 83' lang='lat' dir='ltr'>est,</span> <span class='ocrx_word' id='word_1_296' title='bbox 496 3638 571 3708; x_wconf 87' lang='lat' dir='ltr'>isque</span> <span class='ocrx_word' id='word_1_297' title='bbox 594 3651 704 3690; x_wconf 78' lang='lat' dir='ltr'>anctore</span> <span class='ocrx_word' id='word_1_298' title='bbox 747 3651 812 3705; x_wconf 87' lang='lat' dir='ltr'>pere</span> <span class='ocrx_word' id='word_1_299' title='bbox 826 3635 927 3686; x_wconf 83' lang='lat' dir='ltr'>incerte</span> <span class='ocrx_word' id='word_1_300' title='bbox 946 3633 981 3685; x_wconf 87' lang='lat' dir='ltr'>de</span> <span class='ocrx_word' id='word_1_301' title='bbox 998 3651 1102 3696; x_wconf 63' lang='lat' dir='ltr'>ceusu</span> <span class='ocrx_word' id='word_1_302' title='bbox 1124 3645 1150 3686; x_wconf 85' lang='lat' dir='ltr'>et</span> <span class='ocrx_word' id='word_1_303' title='bbox 1168 3637 1257 3688; x_wconf 81' lang='lat' dir='ltr'>statim</span> 
     </span>
     <span class='ocr_line' id='line_1_35' title="bbox 194 3711 1014 3772; baseline -0.01 0"><span class='ocrx_word' id='word_1_304' title='bbox 194 3719 281 3772; x_wconf 88' lang='lat' dir='ltr'>Gellio</span> <span class='ocrx_word' id='word_1_305' title='bbox 298 3719 367 3770; x_wconf 87' lang='lat' dir='ltr'>inter</span> <span class='ocrx_word' id='word_1_306' title='bbox 376 3714 489 3767; x_wconf 81' lang='lat' dir='ltr'>viritlem</span> <span class='ocrx_word' id='word_1_307' title='bbox 503 3728 702 3769; x_wconf 76' lang='lat' dir='ltr'>annumeratur.</span> <span class='ocrx_word' id='word_1_308' title='bbox 748 3711 843 3765; x_wconf 91' lang='lat' dir='ltr'>tellure</span> <span class='ocrx_word' id='word_1_309' title='bbox 856 3725 925 3765; x_wconf 82' lang='lat' dir='ltr'>tacta</span> <span class='ocrx_word' id='word_1_310' title='bbox 937 3713 1014 3764; x_wconf 89' lang='lat' dir='ltr'>mori.</span> 
     </span>
     <span class='ocr_line' id='line_1_36' title="bbox 195 3782 1257 3868; baseline -0.004 -20"><span class='ocrx_word' id='word_1_311' title='bbox 195 3782 298 3852; x_wconf 72' lang='lat' dir='ltr'>ruenti:</span> <span class='ocrx_word' id='word_1_312' title='bbox 313 3813 417 3868; x_wconf 71' lang='lat' dir='ltr'>grece,</span> <span class='ocrx_word' id='word_1_313' title='bbox 439 3794 520 3848; x_wconf 87' lang='lat' dir='ltr'>lutine</span> <span class='ocrx_word' id='word_1_314' title='bbox 538 3795 645 3847; x_wconf 82' lang='lat' dir='ltr'>uiridem</span> <span class='ocrx_word' id='word_1_315' title='bbox 666 3795 704 3849; x_wconf 82' lang='lat' dir='ltr'>si·</span> <span class='ocrx_word' id='word_1_316' title='bbox 784 3792 845 3844; x_wconf 85' lang='grc'><strong>228.</strong></span> <span class='ocrx_word' id='word_1_317' title='bbox 864 3790 1022 3845; x_wconf 77' lang='lat' dir='ltr'>Resolutum.</span> <span class='ocrx_word' id='word_1_318' title='bbox 1042 3789 1175 3844; x_wconf 79' lang='lat' dir='ltr'>Profunde</span> <span class='ocrx_word' id='word_1_319' title='bbox 1191 3793 1257 3845; x_wconf 89' lang='lat' dir='ltr'>dor-</span> 
     </span>
     <span class='ocr_line' id='line_1_37' title="bbox 195 3868 1258 3949; baseline -0.005 -20"><span class='ocrx_word' id='word_1_320' title='bbox 195 3877 313 3949; x_wconf 72' lang='lat' dir='ltr'>gnificat.</span> <span class='ocrx_word' id='word_1_321' title='bbox 747 3871 883 3935; x_wconf 77' lang='lat' dir='ltr'>unientem,</span> <span class='ocrx_word' id='word_1_322' title='bbox 894 3869 987 3922; x_wconf 86' lang='lat' dir='ltr'>solutis</span> <span class='ocrx_word' id='word_1_323' title='bbox 997 3868 1131 3938; x_wconf 84' lang='lat' dir='ltr'>membris,</span> <span class='ocrx_word' id='word_1_324' title='bbox 1141 3883 1167 3923; x_wconf 90' lang='lat' dir='ltr'>et</span> <span class='ocrx_word' id='word_1_325' title='bbox 1176 3871 1258 3926; x_wconf 85' lang='lat' dir='ltr'>liuen-</span> 
     </span>
    </p>

    <p class='ocr_par' dir='ltr' id='par_1_5' title="bbox 195 3951 1257 4348">
     <span class='ocr_line' id='line_1_38' title="bbox 232 3951 1000 4028; baseline -0.008 -20"><span class='ocrx_word' id='word_1_326' title='bbox 232 3955 292 4010; x_wconf 86' lang='grc'><strong>225.</strong></span> <span class='ocrx_word' id='word_1_327' title='bbox 310 3956 454 4028; x_wconf 78' lang='lat' dir='ltr'>Nandique</span> <span class='ocrx_word' id='word_1_328' title='bbox 461 3954 588 4027; x_wconf 83' lang='lat' dir='ltr'>potentia.</span> <span class='ocrx_word' id='word_1_329' title='bbox 598 3953 640 4006; x_wconf 88' lang='lat' dir='ltr'>Sic</span> <span class='ocrx_word' id='word_1_330' title='bbox 649 3951 704 4004; x_wconf 82' lang='lat' dir='ltr'>Pli·</span> <span class='ocrx_word' id='word_1_331' title='bbox 748 3951 826 4004; x_wconf 85' lang='lat' dir='ltr'>tibus.</span> <span class='ocrx_word' id='word_1_332' title='bbox 845 3953 1000 4004; x_wconf 76' lang='lat' dir='ltr'>Murnntttr.</span> 
     </span>
     <span class='ocr_line' id='line_1_39' title="bbox 195 4029 1256 4106; baseline -0.004 -18"><span class='ocrx_word' id='word_1_333' title='bbox 195 4038 256 4089; x_wconf 86' lang='lat' dir='ltr'>nius</span> <span class='ocrx_word' id='word_1_334' title='bbox 269 4035 303 4088; x_wconf 87' lang='lat' dir='ltr'>de</span> <span class='ocrx_word' id='word_1_335' title='bbox 317 4035 450 4106; x_wconf 88' lang='lat' dir='ltr'>Delphino</span> <span class='ocrx_word' id='word_1_336' title='bbox 465 4032 511 4085; x_wconf 91' lang='lat' dir='ltr'>lib.</span> <span class='ocrx_word' id='word_1_337' title='bbox 528 4033 582 4096; x_wconf 84' lang='lat' dir='ltr'>tx,</span> <span class='ocrx_word' id='word_1_338' title='bbox 599 4051 657 4103; x_wconf 82' lang='lat' dir='ltr'>cap.</span> <span class='ocrx_word' id='word_1_339' title='bbox 677 4035 702 4085; x_wconf 83' lang='grc'>8.</span> <span class='ocrx_word' id='word_1_340' title='bbox 785 4048 844 4101; x_wconf 83' lang='grc'><strong>229.</strong></span> <span class='ocrx_word' id='word_1_341' title='bbox 862 4030 913 4102; x_wconf 82' lang='lat' dir='ltr'>Qui</span> <span class='ocrx_word' id='word_1_342' title='bbox 922 4030 1010 4102; x_wconf 82' lang='lat' dir='ltr'>pueris</span> <span class='ocrx_word' id='word_1_343' title='bbox 1020 4045 1105 4101; x_wconf 82' lang='lat' dir='ltr'>sopor.</span> <span class='ocrx_word' id='word_1_344' title='bbox 1120 4029 1182 4102; x_wconf 80' lang='lat' dir='ltr'>Quis</span> <span class='ocrx_word' id='word_1_345' title='bbox 1192 4049 1256 4104; x_wconf 83' lang='lat' dir='ltr'>pue·</span> 
     </span>
     <span class='ocr_line' id='line_1_40' title="bbox 195 4107 1254 4184; baseline -0.004 -16"><span class='ocrx_word' id='word_1_346' title='bbox 195 4115 398 4168; x_wconf 75' lang='lat' dir='ltr'>velocissimum</span> <span class='ocrx_word' id='word_1_347' title='bbox 408 4117 526 4170; x_wconf 88' lang='lat' dir='ltr'>omnium</span> <span class='ocrx_word' id='word_1_348' title='bbox 539 4113 703 4180; x_wconf 80' lang='lat' dir='ltr'>animalium,</span> <span class='ocrx_word' id='word_1_349' title='bbox 747 4115 782 4166; x_wconf 71' lang='grc' dir='ltr'>τίς</span> <span class='ocrx_word' id='word_1_350' title='bbox 795 4113 857 4165; x_wconf 78' lang='lat' dir='ltr'>Exc.</span> <span class='ocrx_word' id='word_1_351' title='bbox 872 4113 951 4184; x_wconf 72' lang='lat' dir='ltr'>liturg.</span> <span class='ocrx_word' id='word_1_352' title='bbox 965 4112 1034 4164; x_wconf 80' lang='lat' dir='ltr'>Dan.</span> <span class='ocrx_word' id='word_1_353' title='bbox 1046 4107 1135 4164; x_wconf 76' lang='lat' dir='ltr'>Petet.</span> <span class='ocrx_word' id='word_1_354' title='bbox 1151 4125 1178 4164; x_wconf 87' lang='lat' dir='ltr'>et</span> <span class='ocrx_word' id='word_1_355' title='bbox 1192 4112 1254 4166; x_wconf 81' lang='lat' dir='ltr'>edd.</span> 
     </span>
     <span class='ocr_line' id='line_1_41' title="bbox 196 4191 811 4260; baseline -0.008 -10"><span class='ocrx_word' id='word_1_356' title='bbox 196 4215 252 4250; x_wconf 88' lang='lat' dir='ltr'>non</span> <span class='ocrx_word' id='word_1_357' title='bbox 274 4197 361 4250; x_wconf 86' lang='lat' dir='ltr'>solum</span> <span class='ocrx_word' id='word_1_358' title='bbox 382 4198 562 4260; x_wconf 76' lang='lat' dir='ltr'>marinorum,</span> <span class='ocrx_word' id='word_1_359' title='bbox 581 4207 622 4248; x_wconf 88' lang='lat' dir='ltr'>est</span> <span class='ocrx_word' id='word_1_360' title='bbox 640 4191 704 4246; x_wconf 86' lang='lat' dir='ltr'>Del·</span> <span class='ocrx_word' id='word_1_361' title='bbox 747 4207 811 4247; x_wconf 76' lang='lat' dir='ltr'>cett.</span> 
     </span>
     <span class='ocr_line' id='line_1_42' title="bbox 196 4269 1257 4348; baseline -0.007 -18"><span class='ocrx_word' id='word_1_362' title='bbox 196 4275 624 4348; x_wconf 66' lang='lat' dir='ltr'>phinue,ooyorrolucre,ooyor</span> <span class='ocrx_word' id='word_1_363' title='bbox 635 4270 702 4327; x_wconf 84' lang='lat' dir='ltr'>telo:</span> <span class='ocrx_word' id='word_1_364' title='bbox 785 4272 845 4327; x_wconf 81' lang='grc'><strong>230.</strong></span> <span class='ocrx_word' id='word_1_365' title='bbox 867 4270 912 4324; x_wconf 77' lang='lat' dir='ltr'>Ad</span> <span class='ocrx_word' id='word_1_366' title='bbox 928 4269 1055 4342; x_wconf 72' lang='lat' dir='ltr'>placitas.</span> <span class='ocrx_word' id='word_1_367' title='bbox 1073 4269 1127 4324; x_wconf 86' lang='lat' dir='ltr'>Cur</span> <span class='ocrx_word' id='word_1_368' title='bbox 1145 4269 1257 4342; x_wconf 80' lang='lat' dir='ltr'>plncitlre</span> 
     </span>
    </p>
   </div>
   <div class='ocr_carea' id='block_1_3' title="bbox 0 0 1632 5160">
    <p class='ocr_par' dir='ltr' id='par_1_6' title="bbox 0 0 1632 5160">
     <span class='ocr_line' id='line_1_43' title="bbox 0 0 1632 5160; baseline 0 0"><span class='ocrx_word' id='word_1_369' title='bbox 0 0 1632 5160; x_wconf 95' lang='lat' dir='ltr'> </span> 
     </span>
    </p>
   </div>
  </div>
 </body>
</html>
