3196 5158
313 647 318 656 Ι
422 559 465 624 cs
654 558 689 619 r.
717 556 752 618 r.
779 553 935 620 srsrn
960 555 1238 623 rueramus

465 686 656 752 Sensimus:
672 684 834 749 instantes
846 705 996 776 quonam
1008 703 1117 776 usque
1128 681 1305 750 morabere
1316 687 1455 752 manes?

466 794 574 862 Audio
582 791 654 885 jam
665 792 792 884 rapidae
804 813 943 861 cursum
955 797 1233 886 Stygis,atraqne
1245 796 1329 862 Ditis

416 971 422 990 ,
465 906 636 986 Flumina,
650 906 921 997 tergeminosque
933 902 1012 972 mali
1024 902 1174 972 custodis
1186 902 1309 972 hiatus.

466 1019 586 1110 Accipe
597 1018 816 1083 commissum
828 1018 929 1107 capiti
940 1014 1185 1107 decus,accipe
1196 1013 1312 1084 laurus

438 1167 440 1175 ,
463 1132 554 1215 Quas
567 1126 676 1195 Erebo
688 1125 820 1194 deferre
832 1125 944 1192 nefas:
958 1147 1050 1192 nnnc
1061 1149 1143 1194 voce
1156 1147 1330 1218 suprema,
1414 1139 1466 1208 785

465 1242 496 1308 si
509 1265 576 1335 qua
587 1261 763 1306 recessuro
774 1236 918 1305 debetur
929 1239 1034 1329 gratia
1045 1239 1131 1321 vati,

364 1397 369 1404 -
464 1355 650 1444 Deceptum
662 1349 740 1433 tibi,
754 1347 892 1432 Phoebe,
905 1347 1028 1431 larem,
1040 1371 1225 1444 pinnasque
1237 1347 1391 1418 nefandas

463 1457 639 1553 Conjngis,
653 1477 686 1526 et
697 1459 877 1551 pulchrum
889 1462 959 1526 nati
970 1457 1172 1527 commendo
1184 1459 1343 1527 furorem.
1355 1489 1371 1519 ιι

510 1574 651 1642 Desiluit
660 1595 824 1654 moerens,
837 1570 1059 1666 lacrimasque
1070 1574 1190 1641 avertit
1202 1572 1331 1666 Apollo.

453 1799 513 1868 782.
525 1796 672 1867 Audiojam
680 1795 916 1867 mpidoe‚etc.Put.
963 1808 1001 1846 ret
1020 1813 1052 1847 eo
1072 1808 1208 1866 tempore,
1227 1811 1281 1866 quo
1298 1811 1390 1846 manus
1406 1812 1466 1847 ms·

408 1881 469 1952 jem
481 1873 587 1948 nepide.
600 1872 738 1944 -Styqin
752 1873 836 1924 Fluvii
847 1872 918 1925 Inle-
962 1883 1039 1922 terno
1053 1873 1182 1942 sanguine
1200 1869 1359 1942 polluisset:
1377 1877 1465 1943 neque

417 1975 514 2010 rernm.
962 1952 1032 2002 enim
1043 1969 1076 2002 en
1087 1965 1219 2002 maternas
1231 1950 1339 2004 umbras
1351 1968 1411 2004 eom
1422 1954 1466 2003 in-

452 2037 513 2107 7⁸³·
540 2033 704 2106 Teryeminos
723 2031 790 2084 mali
809 2032 918 2084 nistodis
962 2042 1107 2082 secuturas.
1131 2033 1232 2082 Nactus
1256 2032 1345 2102 itaque
1368 2043 1464 2082 terrem

416 2119 511 2169 hiatus.
522 2113 552 2165 ld
562 2125 617 2178 est,
626 2110 748 2176 Cerberi,
758 2113 803 2182 qui
811 2113 861 2162 tria
870 2109 917 2162 ba·
962 2125 1066 2163 enatem
1080 2109 1192 2162 Acheloi
1202 2108 1342 2174 illuvione,
1352 2109 1389 2162 ibi
1399 2128 1465 2163 con·

415 2195 608 2264 bebatcapita,
621 2193 724 2262 trisque
736 2209 792 2242 ora.
962 2189 1043 2256 sedit,
1051 2189 1177 2261 duxitque
1185 2208 1293 2243 osorem
1301 2187 1464 2256 Callirhoen,

451 2276 511 2345 784.
531 2274 592 2324 Ace.
608 2291 631 2324 o.
646 2289 668 2323 c.
682 2271 708 2322 d.
720 2272 809 2341 accipe
820 2267 917 2325 ἱαιιηις.
962 2289 1033 2342 quae,
1045 2269 1135 2322 audita
1148 2271 1218 2321 lame
1231 2268 1369 2342 Eriphyltei
1380 2270 1465 2322 moni-

414 2359 481 2408 Dan.
490 2349 699 2424 occipelcttrtsns.
707 2347 917 2402 -Commt'ssum
961 2349 1008 2416 lis,
1020 2353 1106 2418 coegit
1117 2349 1295 2402 Alcmaeonem
1304 2349 1386 2417 ,etiam
1397 2351 1465 2400 invi-

413 2427 917 2508 myrtis·decus.1ntulsmvisrasque‚in-
962 2443 1016 2483 torn
1031 2431 1116 2484 redire
1130 2429 1290 2502 Psophidesn
1303 2427 1338 2482 sd
1351 2446 1464 2502 recupe-

414 2516 500 2585 signis
516 2507 665 2562 sacerdotii·
684 2535 720 2548 -··
737 2507 835 2558 laum
848 2506 916 2576 Qtw
960 2512 1074 2564 randum
1083 2512 1148 2564 illud
1159 2512 1273 2578 monile,
1283 2510 1357 2583 qnod
1368 2510 1465 2583 Alphe·

416 2595 497 2648 tinto
521 2591 620 2662 defens
640 2587 722 2659 nefas.
745 2587 812 2654 Quia
837 2603 916 2638 sacrae
961 2593 1047 2644 sibus
1056 2593 1139 2664 priori
1149 2595 1223 2644 uxori
1233 2590 1351 2644 dederat.
1363 2593 1462 2645 Verum

414 2670 547 2746 Apollini,
559 2683 586 2722 el
595 2669 663 2720 sicui
675 2669 731 2718 Diis
743 2667 783 2717 fas
793 2684 847 2717 non
860 2679 917 2717 erat
960 2674 1093 2724 Temenus
1103 2686 1128 2723 et
1139 2673 1223 2723 Axion
1233 2673 1326 2723 fratres
1337 2673 1408 2741 ejus,
1420 2689 1464 2724 00-

412 2754 515 2828 ingredi
526 2752 640 2815 lnleros,
651 2748 769 2800 itenefss
780 2743 843 2799 illuc
854 2763 916 2819 pot·-
961 2754 1031 2823 gnita
1046 2752 1219 2823 profectionis
1230 2750 1463 2803 Alcmeonis‘cgu.

413 2852 523 2890 tereres
538 2833 601 2903 ipsis
613 2840 790 2883 consecratas.
961 2847 1006 2894 sn,
1019 2849 1078 2882 enm
1091 2831 1197 2882 structis
1210 2832 1238 2881 in
1250 2831 1290 2882 vis
1305 2829 1405 2881 insidiis
1418 2847 1463 2880 oo-

449 2915 509 2985 785.
523 2903 641 2984 'Deferre
662 2907 743 2979 nefas.
768 2906 859 2959 Scelus
877 2921 916 2958 est
959 2905 1461 2978 ciderunt,illudquemooileDelpbico

412 2995 557 3048 infularum
582 3001 757 3053 ornamenta,
782 2999 808 3038 et
828 3003 915 3037 sacras
961 2984 1077 3056 Apollini
1092 2982 1461 3036 dedicarunt-Pulchrum

413 3075 502 3126 laurus
517 3087 607 3123 secum
621 3067 655 3120 ad
669 3067 772 3120 lnieros
786 3067 864 3116 ferre.
954 3064 1084 3135 furorem.
1095 3067 1124 3115 ln
1132 3063 1210 3116 laude
1219 3067 1288 3116 enim
1296 3065 1414 3136 positum
1424 3067 1463 3116 ln·

449 3155 509 3222 787.
528 3147 659 3219 Nefondoe
670 3146 799 3220 conjugis.
810 3148 845 3197 Ut
858 3163 914 3217 que
956 3146 1053 3213 jurium
1064 3147 1133 3215 patri
1143 3143 1242 3196 illatam
1255 3144 1355 3196 ulcisci.
1364 3143 1458 3216 Odyss.

413 3235 535 3285 maritum
544 3230 690 3281 latitantem
700 3223 855 3296 prodiderat
867 3243 914 3296 spe
959 3227 1008 3291 lll,
1029 3226 1095 3292 203,
1113 3225 1285 3280 Telemachus
1300 3226 1412 3298 loquens
1427 3226 1460 3278 ds

412 3303 914 3383 accipiendimonilisdrgiae.Vid.Tlse-
959 3305 1457 3379 Oreste,quiultnseratnecempetris:

411 3392 482 3445 baid.
496 3393 532 3450 ll,
546 3387 694 3458 249-319.
959 3385 1003 3435 ltal
1019 3382 1039 3435 si
1055 3383 1148 3449 ’Δχιῖοι
1161 3381 1263 3436 Otiosum
1274 3381 1337 3440 uite
1351 3383 1404 3453 tristi
1418 3383 1459 3435 sni

448 3472 507 3542 788.
530 3469 564 3520 Et
572 3466 712 3538 ptslclrrstm
721 3463 777 3515 noti
784 3479 913 3516 commen·
959 3461 1110 3529 iesspissms
1123 3462 1209 3516 nitidis.
1223 3488 1234 3510 ι
1243 3464 1330 3516 Achaei
1341 3464 1462 3517 delerent

410 3549 444 3600 dn
452 3549 584 3620 furorem.
604 3545 687 3614 Supra
700 3541 812 3594 diximus
826 3541 912 3593 Theb.
958 3546 982 3596 ei
991 3561 1111 3615 magnam
1120 3544 1239 3614 gloriam,
1245 3558 1270 3596 et
1278 3547 1392 3614 posteris
1398 3565 1462 3617 prse-

411 3628 447 3690 ll,
462 3625 638 3678 Alcmeonem
654 3624 726 3692 jussu
748 3622 829 3690 patris
848 3623 914 3672 Am·
957 3625 1100 3677 conium·
1126 3625 1232 3676 Orestes
1255 3625 1324 3676 enim
1347 3639 1460 3678 matrem

410 3705 515 3775 phiarai
528 3715 637 3753 manem
654 3699 796 3766 occidisse;
813 3717 865 3770 quo
879 3698 912 3751 de
959 3704 1106 3766 occiderat3
1119 3705 1196 3774 cujus
1206 3705 1312 3755 nomine
1322 3703 1460 3757 absolutus

410 3800 490 3835 cansa
502 3781 588 3831 Furiis
599 3792 738 3849 correptos
746 3779 854 3847 lugiens
865 3778 913 3830 Ar-
956 3784 1008 3836 fnit
1016 3786 1043 3835 in
1054 3769 1208 3855 Areopago,
1220 3781 1332 3835 Palladis
1341 3783 1460 3853 jndicio,

408 3865 462 3932 gis,
475 3861 656 3928 commigravit
665 3855 837 3929 Psophidem,
849 3875 912 3929 spe·
956 3877 986 3914 nt
1001 3861 1090 3915 ridere
1107 3875 1146 3914 est
1162 3861 1234 3933 apud
1252 3861 1460 3916 Demosthenem

410 3959 472 3993 rans
487 3941 635 3991 mutatione
653 3938 706 3990 loci
722 3937 846 3990 solatium
862 3957 910 3991 sno
956 3943 982 3993 in
995 3943 1192 3994 Aristocratem.

410 4020 480 4074 mslo
502 4019 678 4068 inventurum.
700 4016 751 4068 Sed
769 4035 852 4088 quum
873 4017 912 4069 illi
993 4023 1053 4092 789.
1075 4020 1186 4074 Desiluit
1204 4035 1320 4073 moerent.
1341 4020 1461 4074 Dissiluit

409 4100 504 4153 melios
515 4113 570 4148 nou
584 4109 654 4150 esset
665 4095 800 4163 emorbo,
814 4115 912 4150 oonsn·
955 4118 1022 4153 nnus
1040 4099 1132 4154 Behot.
1151 4129 1187 4140 -
1204 4099 1318 4152 Desiluit
1334 4117 1457 4164 moerens,

409 4179 457 4234 luit
474 4175 627 4238 oraestlum,
642 4193 697 4247 qno
713 4177 830 4228 monitus
844 4177 910 4243 tuis,
954 4179 1127 4252 lacrimasque
1139 4180 1233 4232 euenit
1245 4177 1351 4248 Apollo.
1364 4179 1457 4250 virgil.

408 4273 439 4312 ut
451 4271 670 4329 terrampeterst,
681 4275 741 4330 qtae
752 4275 808 4311 non
815 4259 910 4313 existe·
954 4259 1055 4313 AEneid.
1074 4261 1138 4324 xn,
1154 4259 1216 4312 151:
1238 4259 1320 4312 nilon
1337 4275 1457 4330 pugnarn
