3284 5162
573 567 715 632 LIBER
738 567 799 630 Xl.
1145 571 1208 639 355

214 699 391 789 Respirant
400 691 542 776 Thebae,
555 690 757 786 templisque
766 690 914 786 jacentia
926 712 1067 786 surgunt
1121 768 1123 774 ,

215 809 355 899 Agmina
366 831 373 870 :
384 800 455 896 jam
467 802 544 870 finis
556 805 657 885 votis,
672 802 815 896 finisque
827 805 992 896 supremis

216 915 422 998 PlanctibuS,
437 930 470 981 et
481 931 577 982 natos
588 937 679 980 ausae
692 911 859 1005 deponere
871 929 1006 982 matres.
1182 944 1214 978 ao

262 1034 305 1095 At
316 1049 400 1117 vaga
411 1023 561 1118 palantes
574 1047 694 1114 campo
707 1023 784 1113 fuga
795 1021 902 1089 volvit
913 1021 1066 1092 Achivos.

217 1143 286 1205 Nec
294 1135 364 1228 jam
377 1136 490 1202 hostes
503 1151 640 1215 turmae‚
653 1131 848 1200 autfertum
860 1132 1003 1201 mortale
1016 1137 1168 1204 timetur:

217 1249 382 1316 Omnibus
394 1265 471 1314 ante
482 1245 597 1313 oculos
611 1247 668 1312 irae
680 1245 786 1326 lovis,
799 1244 956 1312 omnibus
968 1246 1088 1314 ardent

219 1366 319 1427 Arma
333 1376 443 1441 metu,
457 1357 626 1451 galeaeque
640 1373 771 1438 tonant,
787 1360 946 1450 visusque
959 1375 1119 1451 paventes

221 1474 298 1562 lpse
310 1472 421 1563 sequi,
433 1483 467 1535 et
478 1469 629 1560 profugis
642 1490 813 1558 opponere
826 1471 982 1559 luppiter
993 1471 1098 1562 ignes.
1186 1478 1219 1530 25

221 1585 328 1648 Instat
339 1587 532 1673 Agenoreus
544 1577 657 1662 miles,
670 1577 812 1672 caelique
825 1578 972 1646 tumultu

221 1695 351 1760 Utitur:
365 1689 546 1758 indomitos
560 1705 598 1756 ut
611 1713 716 1783 quum
727 1687 875 1781 Massyla
887 1714 948 1782 per
957 1713 1039 1756 arva

222 1804 373 1869 Armeuti
386 1825 480 1893 reges
493 1823 615 1892 magno
630 1800 683 1868 leo
696 1801 794 1892 fregit
805 1799 912 1882 hiatu,

170 2047 282 2120 fulmen
296 2049 375 2099 etism
395 2050 484 2099 vocari
500 2046 598 2118 sulfur,
616 2046 628 2098 ο·
644 2068 680 2098 es-
724 2047 758 2110 C,
774 2048 834 2100 Nec
849 2057 938 2102 tarsae
952 2047 1055 2104 hostiles
1062 2052 1166 2123 fertum
1181 2068 1228 2108 aas

177 2124 257 2196 sessis
270 2127 334 2180 laiss.
724 2126 833 2178 mortale
847 2128 957 2180 timetur.
973 2128 1020 2180 Eu.

214 2223 257 2259 ao.
270 2208 353 2260 Natos
363 2221 431 2258 ateste
442 2205 567 2276 deponere
579 2215 679 2257 matres.
762 2203 803 2270 ah.
826 2205 917 2256 Anna.
936 2203 1027 2279 Clipei.
1043 2237 1079 2246 -
1094 2207 1230 2284 Galeteque

177 2288 253 2356 Quos
270 2287 369 2338 scilicet
385 2305 434 2336 sno
450 2286 551 2356 gremio
568 2284 680 2356 applici-
726 2293 826 2335 tonant.
841 2283 920 2335 Velut
935 2287 1033 2338 tonitru
1048 2287 1180 2342 insonant.

178 2377 219 2418 tos
227 2377 253 2417 et
263 2381 370 2436 pressos
380 2363 504 2415 tenebant
513 2381 566 2433 pne
577 2365 679 2414 timore.
762 2361 804 2414 25.
823 2363 881 2434 Ipse
892 2365 963 2436 sequi
966 2405 976 2431 ,
989 2377 1014 2416 et
1020 2367 1140 2442 profnqis
1149 2389 1230 2442 appo.

215 2461 257 2498 nt.
271 2445 307 2496 At
314 2463 379 2518 onya
387 2441 505 2516 palantes
515 2459 607 2512 eampo
610 2441 681 2513 fuya
726 2461 785 2493 nere
797 2443 918 2514 luppiter
930 2444 1006 2518 iqnes.
1025 2445 1086 2517 lleg.
1102 2447 1228 2518 Rhana,

179 2525 264 2578 solvit
282 2525 400 2578 Achivos.
421 2524 458 2575 At
473 2539 538 2594 naqa
555 2521 682 2594 pallentes
726 2523 784 2593 lpse
802 2522 887 2593 sequi,
904 2522 1039 2598 profuqis,
1058 2539 1107 2577 etc.
1127 2528 1190 2598 Reg.
1210 2529 1232 2580 C

178 2611 238 2660 Put.
249 2607 303 2658 Ant
312 2625 376 2678 naqa
386 2606 446 2657 Ald.
458 2619 484 2657 et
495 2603 569 2654 Basil.
578 2603 681 2674 -Ress
728 2613 843 2652 nostram
860 2601 919 2653 leet.
935 2603 980 2653 En.
991 2633 1026 2641 -
1036 2604 1094 2674 lpse
1107 2607 1179 2678 sequi
1183 2645 1191 2670 ,
1207 2617 1233 2659 et

180 2687 201 2736 B
216 2685 312 2750 habet,
331 2687 364 2736 Ae
380 2705 443 2756 onya
458 2683 605 2754 pallentes,-
618 2683 682 2752 Reg.
726 2680 846 2752 prosuqis
866 2697 995 2752 opponere
1014 2684 1135 2756 luppiter
1152 2687 1231 2760 lanes.

180 2765 341 2816 Cnostrnm.
352 2763 546 2834 Eu-Atvaqa
555 2759 682 2834 palantes.
728 2761 796 2811 Huic
815 2761 900 2811 versui
916 2760 1047 2814 subnectit
1064 2763 1182 2835 Guyetns
1201 2765 1233 2816 il-

180 2843 257 2892 llenc
268 2839 408 2892 lectionem
421 2842 511 2912 scripti
522 2839 582 2890 libri
593 2852 620 2890 et
631 2837 686 2890 edi·
728 2837 797 2888 lum:
812 2839 936 2890 Arctatar
948 2839 1024 2892 denso
1032 2839 1186 2916 fuqlentnm
1201 2863 1233 2896 ex

179 2923 219 2973 tio
234 2922 357 2992 peinceps
373 2920 540 2991 approbant,
555 2919 685 2971 sententia
729 2919 834 2988 aymiae
855 2917 972 2984 vallam,
996 2919 1088 2972 ‹leletis
1110 2921 1233 2975 omnibus

181 2999 289 3072 flagitat.
305 2999 383 3067 Vulg.
399 3000 454 3052 Aut
470 3019 543 3072 voye.
564 3000 683 3050 Rerum
729 2996 905 3049 intermediis:
920 3013 980 3068 post
994 3019 1072 3072 quem
1086 3005 1163 3054 etiam
1175 3021 1234 3055 ves·-

219 3094 262 3130 nn.
287 3078 408 3149 Necjam
424 3077 504 3131 hostes
520 3089 625 3142 tunna,
640 3087 686 3127 ant
730 3093 787 3128 sum
802 3075 978 3129 deletomnes
994 3097 1079 3150 usqne
1097 3081 1131 3132 ad
1144 3083 1237 3134 Stabat

182 3157 282 3226 ferrum
301 3155 411 3208 mortale
426 3155 538 3207 timetur.
557 3157 614 3208 Nee
624 3157 684 3227 jam
730 3155 758 3206 in
770 3152 912 3228 Arqolicoe,
925 3166 975 3206 etc.

182 3246 233 3288 eut
243 3234 345 3287 hostiles
355 3247 459 3301 tarmoe,
467 3235 601 3306 senumve
613 3237 686 3286 time·
768 3235 809 3287 26.
828 3235 914 3288 Instat
926 3235 1075 3308 Aqenoreae
1090 3237 1173 3292 miles.
1187 3240 1236 3292 ln·

183 3315 317 3386 turlnng.
331 3313 428 3365 Buslid.
441 3313 520 3364 Aldd.
532 3314 650 3385 plenique
662 3327 688 3365 et
731 3326 782 3368 stat
791 3313 935 3388 Aqenon'tss
945 3330 1014 3366 nnus
1026 3314 1159 3368 neheo-
1165 3317 1235 3392 Aqe·

183 3393 291 3446 caan.
301 3395 357 3446 Nec
358 3395 418 3465 jam
429 3391 532 3445 hostiles
542 3403 634 3444 tarmoe
643 3403 689 3444 eat
732 3411 833 3446 nonas.
854 3393 1006 3447 Thebanus.
1017 3425 1052 3434 -
1064 3395 1175 3470 Coeliqae
1194 3409 1235 3450 ta-

178 3472 283 3544 semsm
298 3471 407 3524 mortale
421 3472 527 3524 timetur
540 3471 642 3526 Rehott.
661 3490 688 3540 1,
734 3471 819 3523 malta
836 3471 930 3526 Utitur.
946 3475 1018 3526 loeis
1031 3473 1140 3529 fulmine
1151 3477 1237 3530 auda-

184 3557 300 3620 n‚1)en.
317 3553 432 3625 optimus
447 3553 543 3624 aliique
555 3553 689 3605 Borthiani
735 3551 1238 3626 eiamdimicandiplebs'lhebanecon-

187 3647 215 3686 et
236 3635 312 3685 Rom.
337 3633 412 3683 Hinc.
431 3631 642 3704 Lindeubrogius
664 3648 690 3686 et
734 3643 850 3704 ceperat.
861 3633 988 3685 Lectius.

186 3711 274 3765 Barth.
295 3714 365 3784 conj.
387 3714 442 3765 Nee
460 3725 551 3765 tunna
572 3714 688 3780 hostiles,
771 3729 812 3782 27.
837 3711 963 3783 Massylia
982 3731 1030 3784 per
1048 3735 1119 3769 ama.
1141 3719 1237 3772 Terras

180 3792 288 3865 ferram
302 3803 350 3843 aas
362 3791 473 3843 mortale
487 3794 601 3846 timetur.
613 3793 690 3847 sotus
734 3791 836 3842 Attice.
850 3792 977 3845 Lenaeus.

187 3873 248 3922 Put.
269 3874 405 3924 veritatem
424 3869 543 3923 exhibet:
562 3875 618 3926 Nec
630 3876 690 3945 jam
773 3870 814 3920 28.
840 3869 873 3920 A.
896 3889 916 3921 r.
939 3889 974 3922 m.
997 3870 1037 3925 leo
1050 3873 1134 3947 freqit
1154 3873 1237 3928 ltiatn.

189 3949 272 4002 hostes
287 3961 390 4015 turma,
405 3962 451 4002 sut
466 3950 566 4019 fenum
583 3950 692 4003 mortale
736 3950 817 4019 Lana.
829 3947 926 4001 Buslid.
939 3949 1016 4002 Aldd.
1030 3953 1107 4005 anil.
1117 3967 1144 4006 et
1152 3955 1238 4008 Pleut.

187 4029 311 4090 timente,-
327 4047 405 4100 quesn
423 4029 564 4082 lectionem
584 4049 693 4101 recepe·
737 4028 778 4080 leo
779 4027 863 4100 fre'qs‘t
873 4027 947 4080 hiatu
953 4052 962 4091 ;
972 4029 1073 4082 Behott.
1089 4049 1115 4096 1,
1127 4050 1156 4098 a,
1169 4035 1236 4087 Dan.

189 4118 254 4158 sunt
271 4107 337 4159 Dan.
355 4109 477 4160 Heinsius
496 4110 523 4159 in
539 4107 647 4160 Amstel.
667 4121 693 4160 et
737 4109 825 4160 Petav.
843 4123 869 4160 et
885 4107 945 4161 edd.
962 4123 1068 4162 recentt.
1084 4110 1125 4162 leo
1135 4111 1241 4184 franqit

188 4185 288 4258 Delph.
299 4186 380 4240 hostes
387 4197 479 4239 tunna
488 4206 537 4260 pro
545 4185 693 4242 hostilibus.
740 4187 823 4242 hiatu.
834 4219 870 4230 -
881 4189 1001 4242 Ameati
1018 4209 1093 4264 maes.
1109 4193 1238 4244 Maximae

191 4269 296 4338 —liess
307 4270 326 4319 B
337 4283 420 4322 nostr.
431 4270 491 4322 lect.
502 4269 693 4342 exhibet‚1teg.
739 4280 885 4322 taurorum.

1056 4363 1096 4426 23
