3196 5158
535 520 674 585 LIBER
699 521 781 586 Vll.
1139 525 1182 590 63

183 652 322 743 Jamque
334 651 399 741 ipsi
411 646 529 725 colles,
541 649 615 740 ipsa
627 647 703 732 has,
717 650 793 743 quis
805 646 941 716 credat?
952 648 1110 718 amabant

183 767 357 844 Armenta,
371 777 472 855 atque
483 783 574 828 ausae
585 762 711 828 circum
724 763 854 853 mugire
863 757 1026 853 juvencae.

181 875 311 964 Quippe
324 869 410 938 nihil
424 887 572 964 grassata
586 869 707 954 fames,
720 894 841 939 manus
854 870 950 938 obvia
962 873 1087 963 pascit,

181 985 450 1077 Exspectantque
462 981 569 1066 cibos,
584 982 729 1076 fusoque
741 981 907 1050 horrenda
921 985 1079 1076 supinant
1131 995 1181 1066 ⁵7⁵

180 1097 246 1162 Ora
256 1117 368 1179 mero,
381 1117 465 1186 vaga
478 1118 556 1161 rure
569 1096 664 1187 quies
677 1121 684 1160 ε
699 1095 727 1161 si
741 1093 878 1188 quando
889 1093 1035 1187 benigno

181 1205 305 1273 Urbem
317 1208 423 1272 iniere
436 1204 562 1297 gradu,
575 1203 697 1273 domus
710 1207 835 1284 omnis,
847 1221 881 1272 et
891 1207 1003 1272 omnia
1016 1207 1119 1274 sacris

179 1315 320 1410 Templa
329 1316 456 1397 calent,
470 1318 650 1408 ipsumque
662 1313 745 1382 fides
758 1317 899 1382 intrasse
911 1319 1061 1409 Lyaeum.

224 1431 293 1494 llas
306 1424 364 1492 ubi
377 1429 512 1518 vipereo
524 1439 629 1492 tactas
642 1441 692 1492 ter
703 1441 882 1519 utramque
894 1423 1026 1517 flagello

179 1539 338 1605 Eumenis
351 1539 387 1603 in
399 1537 518 1617 furiae,
530 1538 749 1630 animumque
761 1533 870 1604 redire
882 1537 1028 1629 priorem
1129 1547 1180 1601 ⁵80

179 1649 335 1741 Impulit,
350 1663 536 1740 erumpunt
547 1671 616 1714 non
629 1647 889 1738 agnoscentibus
901 1649 1016 1740 Argia:

177 1763 244 1826 Ceu
258 1761 327 1828 duo
339 1757 472 1826 diverso
486 1761 612 1852 pariter
623 1761 651 1825 si
664 1757 807 1826 fulmina
819 1758 901 1826 caelo

177 1876 288 1965 Rupta
303 1871 446 1954 cadant,
461 1870 668 1965 longumque
680 1869 816 1939 trahant
828 1895 889 1963 per
901 1871 1017 1939 nubila
1029 1874 1169 1940 crinem.

136 2084 238 2137 maculis
248 2084 458 2152 conciliandam,
468 2087 490 2138 si
501 2097 526 2137 et
535 2103 633 2158 purpu·
677 2105 732 2158 per.
744 2109 755 2132 a
770 2087 809 2138 De
821 2085 902 2138 verbo
917 2083 1001 2138 catere
1013 2087 1105 2137 confer
1122 2103 1179 2166 que

38 2193 39 2196 κ
135 2165 299 2216 mmaeuln
311 2167 555 2218 intermiscerentur
566 2165 632 2218 albis
677 2179 804 2217 notantur
823 2165 856 2218 ad
871 2185 895 2217 r.
915 2164 965 2218 805
981 2167 1061 2216 Prisc.
1079 2165 1178 2236 Perieg.

135 2244 272 2316 nigrisque.
677 2247 749 2298 Post.
760 2247 817 2298 Lat.
829 2247 892 2298 Min.
904 2257 974 2297 nost.
986 2244 1048 2296 edit.
1061 2257 1123 2296 torn.
1135 2247 1179 2312 Ν,

164 2320 223 2392 57²·
243 2325 305 2396 Ipso
319 2322 372 2376 lias.
384 2325 434 2374 Pro
444 2323 499 2396 ipso
514 2323 560 2377 lios
569 2322 630 2376 edd.
676 2345 737 2397 pag.
761 2325 821 2378 365.
847 2326 894 2376 En.
918 2355 954 2364 —
976 2324 1092 2394 Lyceum.
1114 2325 1179 2377 Bac·

134 2412 188 2452 vett.
201 2404 277 2474 ipsas.
675 2403 775 2469 chum,
797 2406 834 2455 siu
853 2401 953 2454 dictum
975 2399 1025 2454 aial
1044 2402 1088 2454 reri
1103 2399 1178 2464 arion,

165 2481 222 2549 574.
232 2483 335 2553 Quippe
343 2480 630 2554 nihilqrasrotufomer.
677 2481 749 2554 quod
759 2485 850 2534 vinum
859 2482 943 2535 soluat
951 2499 1037 2534 curas.

39 2631 40 2640 ἵ
134 2556 205 2610 ttdd.
215 2561 303 2612 Colin.
316 2574 342 2612 et
353 2561 454 2633 Gryph.
468 2574 585 2614 crassata.
595 2592 632 2603 -
689 2580 690 2586 ¹
711 2561 771 2631 579.
781 2560 1177 2638 Vipereoflaqello.l'uriaeenim

135 2634 223 2692 uanus
233 2641 318 2693 obvio.
330 2643 474 2692 Mansuete
489 2641 558 2690 enirn
570 2655 632 2709 sunt
675 2655 778 2712 gestant
799 2640 921 2694 manibus
943 2659 1059 2710 angues,
1081 2641 1177 2712 quibua

39 2767 40 2770 ,
133 2715 202 2785 lem,
220 2737 282 2790 quae
298 2735 380 2769 manu
398 2721 472 2789 pasci
488 2737 631 2771 consuere·
674 2733 858 2790 percusserant
871 2718 1019 2790 hastigrea.

133 2813 196 2852 runt.
710 2801 770 2854 580.
790 2802 917 2854 Animum
933 2800 1054 2871 priorem.
1074 2799 1176 2850 Feritr-

164 2878 222 2948 575.
248 2879 459 2952 &spectantque
480 2879 557 2931 cibos.
577 2879 630 2932 Alii
674 2892 727 2931 tem
744 2879 891 2931 naturalem
911 2896 991 2950 quam
1008 2879 1062 2947 jain
1081 2875 1176 2928 desne-

134 2957 246 3025 codices,
258 2968 455 3031 exceptantque.
673 2975 773 3013 verant.

164 3037 221 3106 576.
244 3039 299 3090 Ora
313 3053 393 3088 mero.
409 3036 568 3088 ullor-reuda
582 3056 628 3090 ora
710 3039 770 3092 581.
790 3039 857 3090 Dan.
869 3037 951 3097 antris
961 3053 1011 3108 pro
1023 3034 1107 3108 Aryir.

132 3128 198 3166 retro
216 3116 346 3181 flectunt,
368 3129 398 3166 ut
419 3115 575 3168 infundatur
592 3119 629 3168 vi·
710 3117 769 3170 582.
791 3121 841 3170 Ceu
856 3117 906 3169 duo
921 3115 1019 3167 diuerso
1035 3115 1136 3186 puriter·
1151 3115 1175 3169 εἰ

133 3209 220 3246 nuum
233 3199 293 3247 Vet.
304 3194 392 3248 Schol.
404 3193 447 3247 Sic
456 3197 555 3268 Lyncea
567 3215 628 3249 suaa
667 3197 805 3269 fulmina,
825 3209 875 3248 etc.
897 3195 1012 3248 Sensus:
1032 3207 1061 3246 ut
1080 3198 1101 3248 si
1119 3194 1174 3250 duo

131 3272 183 3341 ipse
201 3274 321 3328 Bacchus
341 3285 436 3346 potare
456 3275 536 3342 facit,
556 3275 628 3347 apud
673 3276 784 3327 fulmina
803 3277 883 3328 scissa
897 3274 1051 3326 labantura
1070 3274 1173 3328 diverso

133 3351 313 3406 llemesianum
324 3393 332 3419 ,
345 3353 436 3424 Eulog.
452 3355 494 3406 lll.
506 3384 543 3393 —
553 3355 580 3410 V
578 3375 628 3429 aqu
673 3355 727 3408 caeli
739 3369 839 3420 tractu,
852 3369 902 3407 etc.

133 3449 185 3483 rure
201 3433 282 3507 quies.
300 3433 468 3504 Quocunque
486 3432 547 3485 loco
567 3433 628 3485 dor·
710 3435 768 3487 583.
789 3436 875 3506 Rupta
889 3432 996 3498 cadunt,
1013 3431 1174 3505 lonqumque

133 3513 292 3576 mavelim,
303 3531 318 3563 a
330 3513 435 3564 nemine
443 3511 626 3583 prohibentur.
674 3512 786 3564 trahunt.
797 3515 882 3583 Rupta
892 3513 988 3564 cadunt
998 3529 1066 3563 unus
1080 3509 1171 3564 Belrot.

163 3593 220 3663 577.
240 3595 270 3646 Si
286 3593 394 3666 quando
410 3594 520 3666 deniquo
535 3595 627 3647 Urbem
672 3623 708 3632 -
718 3593 780 3664 Reg.
793 3594 825 3658 B,
836 3591 1037 3665 Ruptacadunss
1048 3591 1172 3664 lonqum·

134 3670 204 3725 iniere
211 3674 305 3750 qradu.
317 3674 357 3726 De
367 3673 419 3726 lroc
429 3674 489 3726 loco
500 3673 558 3727 vide
570 3694 627 3746 quae
673 3691 722 3744 que
732 3670 839 3724 trahunt
847 3670 940 3732 habet;
951 3671 1014 3740 lleg.
1025 3672 1173 3723 Cnostraur

134 3767 228 3806 enarrat
256 3753 421 3808 Schraderus
447 3754 481 3806 ad
508 3776 532 3806 v.
561 3757 626 3807 1132
673 3751 733 3802 lect.
756 3752 802 3802 En.
822 3779 858 3788 —
878 3750 1046 3822 lonqumque
1068 3749 1174 3803 trahant

134 3831 216 3886 Arion.
227 3835 360 3906 Descript.
371 3833 435 3888 Orh.
445 3835 545 3898 Tarm
555 3837 627 3888 Post.
671 3847 719 3902 per
733 3829 821 3881 nubila
837 3831 943 3880 crinem.
961 3825 1051 3898 Virgil.
1068 3826 1172 3880 AEneid.

44 3947 45 3952 ,
133 3907 211 3963 laun.
234 3915 300 3965 Min.
324 3925 394 3966 nost.
420 3911 482 3963 edit.
508 3925 570 3964 tom.
594 3914 627 3980 V,
673 3908 782 3977 v,528=
799 3907 1174 3980 *crinemquerolantiaside-

133 4005 189 4058 pag.
202 3992 260 4043 32².
280 3994 327 4044 En.
672 3987 819 4038 raducunt.
829 4010 840 4034 ι
850 3986 935 4038 Crinis
944 3985 987 4037 hic
995 3987 1092 4057 ignium
1101 3985 1173 4036 llam·

165 4065 223 4136 578.
247 4069 359 4141 Templo
385 4079 487 4136 cancul.
511 4067 627 4122 Avienus
673 4085 730 4119 mre.
740 4065 863 4138 AEschylo
875 4067 902 4117 in
915 4065 1070 4118 Prometheo
1083 4067 1171 4116 vincto

134 4143 258 4219 Descript.
268 4148 334 4203 Orh.
347 4150 447 4214 Terre,
458 4165 481 4200 r.
494 4145 560 4218 519:
575 4171 586 4193 ι
595 4152 627 4202 Et
672 4144 747 4214 cupii
759 4143 867 4211 ripoinus
882 4141 1019 4214 βὸημνχος.
1036 4141 1101 4195 Vide
1113 4159 1171 4212 qun

45 4231 46 4290 l
134 4224 232 4278 lunone
242 4227 328 4280 calent
336 4226 628 4298 hicaraeproesuleaem·
672 4227 785 4280 diximus
795 4225 829 4279 ad
840 4223 925 4278 Theb.
935 4227 967 4290 V,
980 4223 1040 4292 387.
