3272 5166
612 592 753 656 uranu
780 593 821 657 x.
1037 579 1041 586 '
1176 595 1234 660 331

241 722 402 812 Respicit,
416 709 475 786 aut
486 722 578 786 visus
590 716 694 785 flectit
705 717 827 786 tellure
839 719 987 798 relictos,

241 835 316 897 Jarn
329 829 515 922 vocis,jam
528 833 650 898 mentis
663 831 845 922 inopszsic
857 855 977 924 aspera
988 833 1082 924 tigris
1148 885 1150 896 .
1190 845 1241 899 820

241 941 387 1008 Foetibus
400 940 547 1033 abreptis
559 939 714 1032 Scythico
726 940 859 1009 deserta
871 942 935 1010 sub
947 957 1045 1010 antro

242 1049 405 1132 Accubat,
420 1067 453 1117 et
465 1049 568 1142 tepidi
581 1047 699 1116 lambit
709 1052 848 1144 vestigia
862 1051 944 1118 saxi.

242 1164 416 1254 Nusquam
428 1163 486 1226 irae
499 1184 505 1226 :
521 1159 606 1228 sedit
618 1159 741 1242 rabies,
754 1159 955 1256 feritasque,
968 1161 1143 1256 famesque

241 1273 332 1352 Oris,
344 1289 426 1338 eunt
437 1287 561 1365 praeter
574 1294 692 1338 secura
704 1288 875 1356 armenta,
889 1292 1085 1371 gsegesque.

241 1383 455 1477 Adspicitilla
461 1382 593 1478 jacens:
608 1383 665 1451 ubi
679 1385 917 1479 enim,quibus
930 1384 1032 1453 ubera
1043 1401 1173 1478 pascat,
1187 1397 1238 1453 825

241 1497 307 1560 Aut
319 1517 404 1588 quos
415 1496 544 1586 ingenti
556 1510 689 1586 premat
700 1511 892 1586 exspectata
903 1497 1044 1589 rapina?

287 1607 458 1671 Hactenus
468 1627 576 1685 arma,
590 1601 694 1685 tubae,
705 1603 917 1698 ferrumque,
930 1623 964 1672 et
972 1603 1112 1673 vulnera
1123 1632 1129 1672 :
1142 1605 1201 1673 sed
1210 1629 1301 1672 nunc
1344 1613 1345 1618 ’

241 1716 401 1780 Cominus
413 1715 592 1806 astrigeros
604 1717 781 1806 Capaneus
794 1713 963 1784 tollendus
975 1717 1011 1782 in
1023 1739 1112 1784 axes.
1153 1799 1157 1809 1

230 1828 316 1894 ,Νοιι
330 1825 411 1892 mihi
419 1821 491 1915 jam
506 1822 605 1891 solito
617 1839 733 1891 vatum
745 1823 787 1893 de
799 1850 894 1893 more
906 1823 1114 1894 canendum:

241 1932 351 2026 Major
362 1934 404 2003 ab
415 1938 530 2002 Aoniis
543 1933 708 2002 sumenda
719 1935 859 2002 audacia
872 1935 966 2002 lucis.
1189 1945 1241 1998 830

241 2049 376 2114 Mecum
387 2069 506 2114 omnes
518 2045 641 2114 audete
652 2051 731 2114 Deae
743 2069 750 2112 t
764 2049 835 2114 sive
847 2046 902 2115 ilie
915 2045 1082 2140 profunda

112 2301 115 2310 “
194 2299 244 2354 illu
258 2301 339 2367 diem,
355 2316 404 2356 etc.
422 2305 459 2356 Ex
472 2323 544 2356 more
560 2305 695 2356 Romano·
740 2303 882 2357 Bnrtlriani.
896 2307 969 2373 Unus
984 2301 1075 2356 Eehot.
1089 2306 1117 2356 in
1128 2305 1192 2356 axis.
1205 2331 1242 2342 -

194 2399 267 2445 rum,
281 2383 325 2454 qui
338 2401 366 2434 ae
379 2381 451 2434 domi
466 2383 655 2451 continebant,
670 2395 696 2436 et
741 2383 870 2438 Cominus.
884 2385 947 2436 Mox
960 2384 1119 2456 insequenti.
1133 2414 1167 2422 -
1181 2381 1242 2434 Tol·

194 2460 424 2514 neminemuudire
432 2475 457 2514 et
465 2461 553 2514 videre
561 2462 694 2515 volebant.
741 2463 840 2517 laudus.
854 2465 1023 2519 Carminibus
1037 2465 1115 2516 altius
1127 2464 1242 2516 effereu·
1346 2501 1349 2508 .

193 2537 262 2592 Vide
273 2537 420 2592 Phoenissae
432 2541 582 2612 Euripidis,
598 2544 625 2592 in
641 2559 694 2614 quo
740 2543 798 2596 dus.
818 2545 945 2598 Lacu-anu.

192 2617 250 2670 haec
270 2619 359 2670 omnia
382 2617 415 2671 de
435 2621 571 2672 Menoeceo
595 2619 695 2672 descri-
776 2623 836 2693 829.
849 2623 911 2674 Non
922 2621 1052 2694 mila'jam
1063 2620 1138 2674 solito
1152 2631 1241 2678 vatum

194 2698 303 2750 buntur.
739 2701 771 2753 tle
788 2722 859 2755 moue
872 2704 1028 2755 canendum.
1049 2703 1106 2752 l’ut.
1126 2701 1157 2751 de
1171 2717 1243 2751 more

231 2780 291 2847 819.
312 2775 417 2830 Tellure
435 2777 544 2832 relictae.
562 2781 631 2848 Quia
650 2797 695 2832 so·
739 2791 886 2831 canentum.
897 2809 932 2819 -
942 2781 1004 2850 lieg.
1017 2777 1142 2842 Bhabct,
1155 2779 1191 2830 N.
1205 2795 1239 2826 m.

167 2891 171 2900 ·
193 2858 248 2910 larn
262 2870 357 2912 terram
368 2857 549 2910 intuebantur.
568 2861 643 2912 Lacu.
732 2863 756 2930 j.
774 2879 793 2912 s.
808 2880 830 2911 υ.
844 2859 875 2910 de
886 2876 957 2909 more
971 2868 1124 2918 canentum
1143 2857 1206 2925 Reg.
1221 2854 1243 2905 C

231 2936 411 2990 822.Saxt.1d
422 2937 628 3003 est,cubilrs,in
640 2955 694 3009 quo
739 2953 856 2992 nostram
865 2937 925 2989 lect.
933 2940 980 2989 En.
989 2938 1094 2989 -Nou
1101 2933 1168 2986 milri
1172 2973 1180 3000 ,
1190 2949 1240 2986 etc.

195 3015 276 3067 catuli
294 3018 441 3086 J'aoueraut.
465 3017 587 3083 Quatuor
607 3031 695 3069 autem
739 3019 853 3068 lmitutio
862 3015 963 3088 Virgilii
976 3017 1021 3088 qui
1032 3015 1089 3066 AEu.
1101 3013 1241 3080 x11,5oo,

194 3111 287 3145 versus
315 3106 454 3165 sequentes
487 3095 604 3166 suspecti
634 3109 695 3148 sunt
740 3095 883 3148 exclamat:
914 3094 1001 3161 ·Quis
1020 3091 1084 3144 mihi
1107 3111 1180 3144 nuuc
1202 3103 1242 3142 tot

194 3171 306 3244 Guyeto.
741 3174 835 3227 acerba
848 3175 936 3241 Deus,
955 3175 1012 3246 quis
1030 3173 1145 3224 carmine
1160 3169 1242 3248 cades

231 3249 292 3315 824.
311 3250 417 3302 Praeter.
427 3252 508 3303 Juxta
520 3250 640 3324 tigridem
652 3270 696 3303 or·
739 3256 902 3307 Diversae...
923 3250 1085 3325 expediat?-
1109 3249 1150 3302 ad
1170 3249 1242 3302 hunc

194 3331 265 3383 bam.
285 3333 411 3384 Lacutur.
739 3333 829 3386 locum
841 3333 899 3386 vide
913 3345 1004 3385 notata
1016 3327 1109 3402 virgil.
1122 3341 1186 3382 tom.
1198 3329 1242 3395 IV,

231 3409 292 3465 825.
315 3411 363 3462 Ulu'
385 3413 463 3464 euim.
487 3412 695 3484 interrogative,
739 3433 800 3486 pag.
816 3413 877 3480 344.
897 3413 943 3463 En.

196 3491 256 3563 quia
271 3506 401 3561 nusquam
415 3489 522 3542 videbat
537 3491 621 3558 filios,
636 3491 695 3563 qui·
776 3493 836 3545 830.
856 3493 946 3564 Major
962 3489 994 3540 ab
1012 3488 1104 3542 Aoniis
1119 3487 1244 3540 sumenda

193 3567 245 3621 bus
254 3567 488 3622 alimoniamlactis
496 3583 608 3641 pararet.
617 3571 693 3622 Lacr.
739 3570 850 3620 audacia
863 3567 936 3620 lueis.
950 3567 1013 3638 Reg.
1026 3568 1045 3617 B
1057 3565 1153 3631 habet,
1167 3565 1206 3615 M.
1217 3587 1241 3617 a.

232 3647 292 3716 827.
307 3645 439 3700 Hactenus
450 3665 536 3714 anna,
550 3648 695 3700 labendum
740 3647 772 3698 Α.
784 3647 913 3720 poscenda
925 3646 1041 3698 amentia
1053 3643 1130 3707 luct's‚·
1144 3643 1207 3714 Reg.
1222 3644 1243 3696 C

195 3725 228 3778 de
239 3715 364 3782 'humanis
376 3729 471 3798 pugnis
483 3727 583 3781 dictum
596 3731 637 3781 sit.
648 3729 696 3782 Re·
739 3741 859 3778 nostram
873 3725 934 3778 lect.
954 3725 1001 3777 En.

195 3817 247 3858 stat
265 3823 335 3858 nunc
354 3817 383 3856 ut
400 3801 473 3859 lovis
491 3825 552 3858 cum
571 3809 695 3878 Capaneo
776 3807 837 3861 831.
850 3802 1241 3871 Mecumomues,audetelleoe.

195 3881 295 3935 bellum
310 3897 479 3950 memoretur,
493 3883 527 3935 ad
540 3883 612 3956 quod
627 3903 695 3957 opus
739 3887 803 3957 fleg.
819 3889 839 3938 tt
855 3886 951 3953 habet,
969 3887 1074 3938 Mecum
1089 3880 1243 3936 omnes'au·

194 3973 273 4037 putat
297 3983 353 4015 non
376 3965 453 4015 unius
473 3965 626 4030 Musarum,
649 3963 695 4015 sed
740 3963 792 4018 dite
807 3967 886 4028 Deoe,=
901 3967 964 4036 Reg.
981 3966 1099 4017 Cnostr.
1114 3963 1175 4016 lect.
1195 3963 1241 4014 En.

195 4045 315 4095 omnium
325 4043 434 4096 omuino
445 4062 572 4096 succursu
582 4059 607 4097 et
618 4043 697 4116 inspi·
740 4075 776 4084 -
787 4045 893 4096 Mecum
906 4063 1007 4106 ornnes,
1020 4057 1070 4095 etc.
1088 4043 1136 4094 Hic
1150 4058 1242 4093 versus

195 4128 306 4177 ratione.
327 4126 422 4176 Binru.
455 4135 459 4142 '
741 4138 767 4176 et
785 4127 903 4197 quinque
922 4137 1063 4196 sequentes
1080 4120 1240 4192 garrulitati·

232 4203 292 4256 828.
314 4203 436 4254 Cominus
451 4203 592 4276 astriqeros.
611 4203 697 4254 Comi·
740 4207 856 4275 suspecti
865 4217 925 4256 sunt
935 4202 1102 4275 quibusdam.
1113 4201 1241 4254 Caeterum

197 4303 245 4335 nus
258 4283 388 4354 astriferos
405 4280 497 4334 Behot.
518 4301 543 4348 r,
562 4295 587 4333 et
605 4301 696 4334 omnes
741 4302 798 4334 mos
808 4297 962 4354 poctarum,
971 4294 1015 4346 ut,
1028 4299 1108 4352 quum
1120 4277 1183 4350 quid
1195 4295 1242 4327 no·
