3264 5166
663 556 806 633 LIBER
830 567 891 634 lx„
1234 568 1299 651 245

301 693 470 762 Coetibus?
479 709 587 788 utque
596 695 685 762 ecies
696 691 824 776 audax,
836 708 872 762 et
880 695 1002 762 Martie
1011 697 1110 787 siguo

301 808 503 897 Temperet?
514 827 558 870 en
569 805 671 880 etium
681 800 801 887 donet,
814 803 1009 898 praebetque
1022 803 1191 876 necandos

300 918 366 983 Tot
377 929 493 982 nostra
504 913 657 1007 degente
668 917 758 983 viros
771 914 870 983 :huic
880 914 1003 984 tradite
1014 917 1137 999 virtus,

301 1025 672 1117 Huicfuroriegrestes
684 1041 839 1117 superest
849 1025 909 1093 tibi
921 1025 1024 1117 figere
1035 1024 1190 1094 damas.»
1248 1042 1299 1095 830

346 1133 489 1203 Desiluit
496 1131 597 1227 justis
609 1150 798 1203 commotus
809 1138 845 1202 in
857 1159 952 1202 arma
965 1135 1109 1229 querelis

301 1244 518 1339 Bellipotens,
532 1248 586 1314 oui
599 1244 670 1314 sola
680 1269 803 1338 vagum
815 1270 877 1338 per
888 1248 988 1315 inane
999 1250 1111 1314 ruenti

301 1359 355 1422 ira
367 1378 496 1438 comes,
509 1354 629 1451 reliqui
641 1353 765 1423 sudent
776 1353 818 1422 ed
830 1353 918 1422 belle
930 1361 1084 1424 Furores.

300 1469 370 1534 Nec
380 1489 493 1550 mora,
507 1489 614 1561 quum
626 1481 779 1534 moestum
790 1466 922 1533 monitu
933 1465 1073 1533 Letoida
1085 1465 1171 1534 duro

302 1581 458 1669 Increpat
468 1580 647 1644 assistens:
666 1580 766 1643 «Non
778 1575 922 1643 haectibi
934 1574 1049 1668 praelia
1060 1577 1182 1645 Divum
1247 1589 1299 1643 835

301 1695 365 1756 Det
375 1707 485 1782 peter,
499 1690 693 1757 armiferum
705 1691 741 1756 ni
754 1691 910 1781 protinus
921 1687 1074 1783 improba
1086 1713 1245 1781 campum

299 1805 448 1885 Deseris,
461 1801 541 1870 huic
553 1825 685 1897 aequum
697 1824 815 1869 nosces
827 1825 890 1870 nec
900 1798 1036 1868 Pallade
1046 1799 1208 1875 domm.»

344 1913 435 2000 Quid
449 1914 549 2002 iuoiet
560 1905 698 2004 eostre?
710 1915 835 2009 premit
845 1913 924 2006 hiup
935 1915 1099 1982 Mavortia
1110 1917 1239 2010 cuspis,

300 2026 387 2102 Hiuc
400 2021 510 2117 plener
522 2022 599 2107 tihi,
611 2047 730 2116 parve,
744 2022 854 2109 colus,
868 2027 959 2094 Jouis
972 2022 1050 2094 iude
1062 2029 1169 2094 severi

252 2213 350 2283 Sepius
363 2212 630 2269 Andromacheferre
643 2217 752 2268 iucomi·
833 2217 893 2285 834.
918 2217 1035 2270 Letoida.
1058 2217 1170 2270 Dianam
1192 2217 1299 2272 Lutoure

253 2301 308 2342 tuta
320 2291 453 2344 solebat.»
473 2297 567 2346 Bsuru.
797 2294 888 2347 filiam.

288 2370 349 2424 828.
375 2372 518 2445 Temperet.
538 2375 686 2445 Disposuit,
708 2388 752 2428 eut
833 2373 893 2429 83⁵.
907 2378 969 2429 Non
982 2376 1035 2428 hoeo
1047 2376 1093 2429 tibi
1100 2375 1298 2448 prettaDt'vum

253 2450 365 2505 ordinet.
384 2451 510 2506 Ltorsur.
796 2456 850 2507 Dat
865 2468 948 2528 pater.
968 2457 1030 2508 Non
1048 2456 1097 2508 tibi
1117 2455 1208 2508 datum
1227 2470 1299 2509 est-s

288 2527 348 2599 829.
370 2530 420 2583 Tot
435 2543 520 2585 nostra
532 2533 563 2584 de
575 2545 654 2606 pente
668 2535 750 2587 uirus:
796 2537 861 2586 Jove
871 2552 981 2605 preesse
990 2532 1061 2586 bello
1070 2571 1078 2600 ,
1088 2531 1136 2586 sed
1146 2546 1300 2586 tantumve-

252 2606 509 2663 huietradituoirtus.
522 2612 752 2666 «Nuttanotcau-
796 2615 914 2680 nationi,
929 2631 987 2687 que
1005 2626 1044 2665 est
1062 2613 1163 2684 species
1176 2612 1254 2678 helii,
1273 2626 1299 2664 et
1317 2661 1318 2664 ,

252 2701 380 2740 semovet
395 2689 503 2743 turbore
517 2689 586 2742 banc
601 2689 751 2744 lectionem.
796 2711 1019 2745 usumururorum
1031 2693 1148 2765 requirit.

251 2765 286 2816 Ar
298 2784 352 2818 uon
364 2785 435 2820 unus
446 2767 572 2820 librorum
583 2785 701 2822 veterum
712 2774 752 2823 in·
831 2770 892 2823 836.
907 2772 962 2822 Dat
970 2782 1054 2843 pater,
1068 2768 1232 2839 umiferum.
1244 2768 1299 2818 Dat

251 2842 313 2896 etita
329 2847 408 2899 uirtus
417 2847 566 2918 presserunt.
580 2849 679 2901 Arserit
693 2849 752 2901 vui·
793 2863 879 2922 pater,
889 2852 1045 2924 anniqerum
1055 2852 1122 2900 Dan.
1133 2851 1187 2899 Pet.
1200 2859 1227 2898 et
1235 2846 1296 2898 edd.

250 2931 752 3000 getumreremquescripturumAuetor
795 2941 857 2979 vett.
875 2927 1027 2997 annifenrm
1046 2947 1107 2979 vero
1125 2927 1207 2994 Lsufl.
1226 2924 1296 2977 Busl.

251 3003 752 3076 ipsemetpntravs.83⁵‚Noutoec'rttt
794 3007 909 3076 lipsien·
931 3004 1034 3057 uehou
1057 3023 1084 3071 ι,
1106 3021 1139 3070 ²,
1160 3016 1187 3056 et
1205 3005 1297 3076 optimi

248 3083 341 3156 proelia
354 3085 451 3136 Dirum
465 3086 519 3137 Dat
532 3098 614 3158 pater.
627 3112 637 3135 ι
656 3090 749 3140 Burru.
795 3085 938 3137 Berthieui.
950 3115 985 3125 -
996 3085 1133 3156 Improba,
1145 3083 1172 3135 id
1184 3097 1240 3150 est,
1253 3103 1298 3137 su·

250 3162 364 3214 -Hut'c
374 3163 468 3215 tradita
480 3164 570 3229 virtus,
583 3165 651 3216 Htu'e
657 3166 752 3237 furor?
795 3162 894 3236 perbe,
907 3165 990 3215 ferox.

249 3239 301 3292 Sue
316 3243 384 3294 euim
396 3243 492 3315 cuique
504 3245 561 3295 Deo
572 3261 587 3299 a
598 3247 664 3297 Jove
676 3247 750 3296 ettri-
826 3243 1227 3314 837.Pa11adu.Miuervuetium
1234 3262 1298 3314 prte-

248 3318 314 3371 buts
325 3322 423 3372 munis.
433 3323 561 3375 ceterum
569 3341 626 3394 quer
634 3321 698 3374 dicit
706 3321 750 3375 hie
795 3335 850 3375 erat
863 3313 950 3388 helio,
970 3341 1048 3395 quam
1064 3321 1117 3374 sibi
1129 3321 1213 3372 muito
1228 3323 1297 3373 iufe-

249 3396 407 3450 Venusnotu
416 3398 660 3470 expraecedentibus
668 3400 748 3454 libris.
795 3404 890 3455 riorem
909 3405 979 3455 Mers
996 3400 1139 3474 predicat,
1159 3403 1299 3468 immemor

285 3475 751 3552 83oHuicfuroriaqrestesueperest
794 3481 1295 3553 saneiiliuspuguaeedTrojuru,quum

249 3557 294 3609 titt
296 3555 381 3630 fipere
390 3558 487 3611 damus.
496 3560 611 3632 Uterque
621 3559 712 3611 Behot.
724 3573 750 3612 et
794 3564 846 3633 ipsi
861 3561 1001 3629 Diomedi,
1021 3581 1036 3614 a
1052 3562 1170 3613 Minerva
1187 3559 1294 3630 adjuto,

248 3639 365 3709 optimus
377 3637 465 3692 Barth.
477 3641 524 3691 tibi
527 3639 612 3714 fipere
623 3640 747 3693 dammas.
794 3639 888 3693 cedere
903 3654 1012 3693 coactus
1027 3653 1082 3706 est,
1096 3641 1118 3692 si
1133 3638 1198 3690 fidos
1210 3638 1296 3690 tribu·

247 3743 283 3756 -
294 3715 357 3787 Reg.
372 3715 498 3782 Bhubet,
509 3719 580 3771 Huic
586 3719 749 3792 furoreque·
795 3720 862 3772 ends
871 3717 1294 3790 Homero,liiad.V‚85osqq.Eoi

247 3797 290 3850 stis
302 3807 413 3868 superest
425 3796 559 3871 tibifipere
570 3796 672 3862 damas‚·
684 3801 746 3871 Reg.
830 3800 890 3852 838.
912 3799 980 3869 Quid
985 3799 1192 3870 suciatcoutra?
1201 3799 1297 3867 premit

248 3875 363 3929 Cnostr.
377 3875 435 3928 ieet.
454 3878 499 3928 Eo.
795 3879 856 3928 hine
873 3878 1005 3928 Mauortia
1021 3877 1113 3948 erupis.
1132 3873 1236 3926 uAiiter
1252 3874 1296 3925 di·
1320 3939 1327 3950 ι

283 3955 345 4010 831.
355 3955 466 4008 Desiluit
469 3958 559 4028 justis,
571 3971 621 4010 ete.
632 3954 750 4011 Dissiluit
794 3958 935 4026 stinguunt-
947 3957 1069 4009 meliores
1087 3955 1193 4008 codices
1206 3977 1211 4005 :
1230 3956 1298 4024 Quid

247 4034 340 4088 Behot.
354 4055 376 4088 1.
386 4065 422 4076 -
431 4039 506 4089 Hauc
518 4037 657 4090 lectionem
669 4037 750 4090 hebet
794 4036 892 4102 faciut?
907 4038 1002 4088 Contra
1018 4035 1128 4106 premit,
1142 4046 1191 4085 etc.
1209 4032 1297 4085 Placet

247 4115 311 4187 Reg.
326 4117 436 4188 831103.
452 4119 473 4170 C
487 4130 611 4170 nostram.
632 4121 678 4172 Eu.
794 4135 826 4168 ea
840 4115 928 4168 lectio.
940 4140 951 4162 ι
971 4117 1067 4168 Buuru.

284 4194 345 4248 833.
355 4195 401 4248 Ira
412 4213 502 4250 eomes.
514 4198 605 4250 Fortes
615 4199 684 4248 enim
695 4197 748 4266 pie·¹
829 4195 890 4264 839.
903 4197 994 4247 Parve.
1004 4193 1199 4263 Parthenopes.
1209 4219 1241 4230 -
1252 4193 1296 4240 t'o

247 4273 500 4344 mtuques'rscuudi.
794 4274 839 4342 lus.
853 4274 946 4340 idest,
960 4275 1032 4326 finita
1043 4273 1162 4328 tibiritu.
