3230 5168
353 473 415 539 158
563 468 621 533 r.
648 471 683 532 r.
710 468 865 532 srrru
890 435 1165 534 runurrnos

395 607 565 670 Enarrent
575 599 736 681 teetis‚et
746 614 908 664 truncum
919 619 959 662 ac
970 593 1082 664 llebile
1093 617 1250 662 murmur
1348 606 1402 660 διο

395 712 507 781 Verba
518 725 660 804 putnnt;
674 731 808 802 voxque
819 707 877 776 illa
888 725 1002 776 tumen
1015 729 1085 776 non
1097 707 1233 776 dissone
1245 705 1367 775 verbis.

442 828 553 916 Atque
564 819 611 886 ibi
622 834 701 914 post
710 818 883 902 lacrimas,
896 835 930 886 et
940 816 1042 910 longa
1054 817 1186 886 silentia
1197 839 1316 885 rursus

397 935 539 1004 Inchoat
550 939 703 1002 Ismene:
722 935 912 1020 rQuisnanr
922 930 978 1000 hic
989 930 1189 1000 mortalibus
1201 935 1318 999 error?

396 1049 482 1132 Quae
493 1043 634 1138 decepte
646 1042 752 1112 fides?
763 1066 880 1110 curam
891 1042 1066 1134 invigilare
1077 1043 1182 1138 quieti
1190 1073 1203 1126 ,-

397 1153 563 1250 Glnraque
574 1148 636 1246 per
648 1177 786 1223 somnos
797 1155 919 1222 enintis
931 1152 1111 1222 simulacra
1122 1153 1269 1221 reverti?
1349 1163 1400 1218 διε

399 1271 487 1337 Ecce
500 1291 578 1362 ego,
592 1291 669 1363 quae
679 1265 861 1350 thalnmoS,
873 1291 936 1337 nec
948 1271 977 1336 si
987 1291 1055 1361 pax
1065 1266 1134 1336 elta
1145 1281 1311 1348 maneret,

399 1383 595 1448 Tractarem
608 1401 728 1463 sensu,
743 1378 866 1473 (pudet
876 1377 978 1466 heul)
992 1379 1161 1448 connubia
1172 1376 1241 1446 vidi

400 1495 812 1584 Nocte,soror:sponsum
821 1488 1049 1579 (undel)mihi
1058 1513 1160 1582 sopor
1167 1486 1401 1556 attulitemens

399 1602 465 1668 Vix
475 1617 596 1668 notum
607 1602 700 1668 visu:
714 1599 818 1668 semel
831 1599 883 1669 his
895 1603 931 1668 in
944 1598 1080 1669 sedibus
1091 1599 1208 1684 illum,

400 1713 577 1778 Dum¹mea
589 1713 703 1778 nescio
716 1734 784 1805 quo
796 1709 1009 1805 spondentur
1021 1709 1273 1804 indempnem,
1351 1721 1403 1775 630

400 1823 545 1914 Respexi
558 1844 628 1888 non
640 1837 777 1914 sponte,
790 1845 903 1892 soror:
916 1823 1051 1892 turbate
1063 1838 1201 1914 repente

401 1931 523 1998 Omina
534 1930 732 2016 cernebam,
745 1933 946 2027 subitusque
958 1932 1127 2002 intercidit
1138 1935 1241 2024 ignis;

401 2048 526 2138 Meque
538 2044 743 2140 sequebatur
753 2043 870 2114 rabido
881 2045 1028 2114 clamore
1039 2068 1220 2140 reposcens

356 2284 402 2355 qui
413 2281 505 2352 legunt
516 2293 610 2335 veteres
619 2284 676 2335 tine
687 2301 750 2356 que,
763 2297 789 2336 et
796 2287 860 2354 jun·
904 2285 961 2338 bul.
980 2288 1070 2359 AEsop.
1090 2285 1211 2360 Append.
1231 2283 1325 2338 Fabul.
1341 2281 1407 2352 Vll,

355 2374 423 2432 gunt
434 2379 496 2412 eum
509 2377 575 2412 vore
589 2359 676 2426 nidor,
692 2364 756 2433 quia
767 2361 861 2415 dicun·
905 2365 992 2419 Phed.
1005 2379 1075 2420 nost.
1090 2365 1153 2422 edit.
1166 2379 1231 2419 tom.
1246 2369 1286 2434 ll,
1300 2385 1327 2438 p.
1338 2363 1409 2429 386,

356 2455 400 2494 tur
421 2439 577 2492 hirundines
596 2439 674 2494 nidor
697 2444 797 2513 priores
817 2457 861 2494 re·
906 2460 932 2499 et
944 2445 977 2498 ed
986 2445 1059 2499 hunc
1068 2445 1159 2498 locum
1168 2445 1215 2498 ubi
1224 2443 1356 2498 adductus
1368 2457 1410 2498 eat

355 2533 455 2594 petere.
906 2525 997 2578 Nostri
1009 2525 1102 2590 loeus,
1116 2523 1170 2576 rid.
1182 2537 1283 2577 notate.
1302 2523 1348 2575 En.

392 2600 455 2652 620.
473 2600 511 2651 Et
524 2610 643 2650 intutum
656 2617 688 2652 ac
694 2597 782 2671 flebile
793 2615 862 2650 mur·
943 2603 1004 2656 628.
1017 2603 1208 2670 Nocte‚somr:
1219 2621 1341 2674 sponsum
1351 2599 1410 2673 (un-

357 2697 425 2730 mur.
436 2677 586 2730 Markland.
597 2677 630 2730 ud
641 2679 703 2731 silv.
714 2679 748 2743 V,
761 2695 784 2744 r,
798 2677 862 2745 245,
907 2683 970 2756 de?)
981 2683 1328 2758 milisoporattulitamens.
1336 2682 1410 2736 Unur

358 2757 421 2830 legit
437 2769 464 2810 et
476 2756 632 2828 distinguit:
654 2758 676 2809 it
692 2768 812 2810 truncum
831 2777 863 2810 ae
907 2761 999 2815 liehor.
1010 2761 1411 2835 soporundemilrispenrumin·

350 2837 586 2912 fhlilemumur:
599 2836 627 2892 V
624 2837 683 2890 erla
688 2847 785 2909 putant
790 2874 799 2903 ,
810 2847 860 2888 etc.
908 2841 971 2895 tulit
975 2865 985 2905 ‚·
997 2843 1080 2915 Lang.
1092 2839 1191 2894 Buslid.
1202 2841 1269 2893 Dan.
1283 2841 1372 2894 Peter.
1385 2853 1412 2894 et

358 2917 533 2970 -Trunrum
542 2915 864 2988 munerunobproeeirum
908 2919 968 2973 edd.
976 2933 1038 2973 vett.
1047 2917 1411 2994 repurinmlit.-Sponsum.

360 2996 460 3051 seilicet
469 2997 596 3068 linquam.
629 3003 633 3012 ’
908 2999 1000 3072 Atym,
1014 2998 1047 3051 de
1062 3017 1216 3072 quosupra.

395 3081 456 3134 622.
471 3082 557 3152 Atque
566 3080 601 3132 ilrr'
608 3091 667 3152 port
677 3079 805 3132 lacrimas.
816 3079 865 3132 Ar·
943 3077 1005 3130 630.
1025 3077 1119 3132 Nescio
1129 3099 1180 3154 quo
1193 3077 1413 3152 spondenturfoe-

360 3179 411 3235 que
423 3161 468 3213 ubi
481 3179 550 3214 unua
562 3160 654 3214 Behot.
909 3157 970 3210 dem
983 3169 1068 3229 pacto.
1082 3157 1161 3211 Castu
1177 3157 1267 3231 puella
1278 3161 1321 3212 vix
1331 3159 1413 3214 audet

401 3239 462 3307 624.
489 3239 552 3310 Quoe
571 3239 678 3311 decepta
691 3236 770 3313 fides.
788 3239 866 3293 Falsa
909 3237 958 3292 line
976 3255 1054 3291 voees
1068 3239 1197 3312 prolerre.
1215 3239 1358 3313 Eleganter
1369 3260 1414 3294 ex·

363 3319 865 3391 enimrunt,quevidernurinsomniis.
911 3319 1001 3390 primit
1014 3319 1121 3390 virginis
1134 3319 1261 3373 allecium
1273 3334 1364 3392 poete.

398 3397 459 3450 626.
469 3399 593 3472 Eeeeepo
602 3415 661 3471 quoe
670 3396 809 3467 thalamos,
820 3419 867 3453 aec
947 3397 1008 3450 631.
1027 3397 1136 3470 despexi
1149 3415 1203 3451 non
1218 3412 1322 3472 speum,
1334 3419 1413 3454 soror.

362 3479 384 3530 si
387 3496 442 3549 pax
448 3477 504 3530 alta
511 3489 635 3530 manmt.
642 3478 731 3530 Putsi
733 3478 864 3553 petralta.
911 3475 995 3544 Dixit,
1008 3495 1071 3528 casu
1082 3495 1110 3528 se
1120 3479 1280 3548 respexisse,
1291 3477 1415 3530 aberren-

362 3589 398 3599 -
409 3559 485 3610 Hauc
493 3556 554 3610 leet.
565 3559 629 3628 lieg.
637 3559 660 3609 u
670 3557 790 3627 exhibet,
802 3559 866 3630 lieg.
912 3555 982 3608 tibus
995 3553 1093 3622 oculis,
1105 3576 1160 3610 non
1175 3567 1278 3629 sponte.

361 3639 521 3691 Cnoetrnrn.
536 3639 583 3690 En.
599 3665 636 3678 -
649 3638 717 3690 Ecce
730 3655 777 3712 epo
785 3679 794 3706 ,
808 3656 867 3711 quoe
947 3634 1008 3688 6³2.
1021 3635 1126 3688 Sudines
1134 3635 1209 3708 ipris.
1219 3633 1368 3686 Turbetnm
1377 3635 1415 3686 vi-

361 3715 500 3770 thalamos.
508 3718 605 3770 Decori
613 3733 717 3787 semper
726 3717 866 3769 observari·
911 3711 985 3766 deret
995 3717 1023 3766 in
1036 3731 1129 3768 somno
1143 3732 1248 3767 omnem
1260 3715 1415 3788 nuptiarum

360 3798 490 3862 tissimus,
503 3808 533 3847 nt
544 3793 600 3863 hie,
614 3797 740 3868 Papinius
752 3794 865 3849 videtur.
911 3807 1084 3866 apparatum,
1098 3807 1125 3847 et
1137 3793 1269 3866 nuptiales
1282 3793 1355 3846 iaces
1369 3812 1416 3856 ex-

360 3875 476 3927 Exeuxnt
489 3893 517 3927 ee
529 3877 648 3942 lemene,
662 3893 696 3927 ne
712 3874 802 3945 aliquo
816 3893 866 3926 vo·
912 3875 1030 3926 stinctae.
1145 3887 1148 3892 '

362 3955 472 4028 luptatir
494 3973 576 4008 senen
599 3955 674 4025 tangi
697 3952 866 4022 crederetur,
947 3953 1009 4006 633.
1033 3955 1129 4026 Meque
1150 3953 1303 4028 sequebatur
1325 3951 1416 4008 rabido

362 4032 489 4106 quodilla
497 4030 739 4086 rideredicimurin
747 4035 866 4100 somniis,
912 4031 1026 4087 elamore
1034 4051 1174 4107 reposeens.
1186 4033 1260 4086 Unus
1270 4031 1363 4085 Belrot.
1377 4053 1418 4086 m-

363 4133 420 4186 que
431 4115 544 4168 maxime
557 4127 688 4186 optamus.
830 4117 857 4174 ,⁸
909 4109 1417 4186 pidoclamore.-llauehabetlectio·

398 4195 459 4264 627.
472 4195 622 4248 Tractarem
634 4211 716 4248 reatu
727 4190 806 4246 (loni.
819 4195 866 4247 Fr·
912 4211 972 4247 nem
984 4193 1049 4266 liep.
1062 4193 1090 4246 n.
1109 4191 1156 4246 En.
