<?xml version="1.0" encoding="UTF-8"?>
<!DOCTYPE html PUBLIC "-//W3C//DTD XHTML 1.0 Transitional//EN"
    "http://www.w3.org/TR/xhtml1/DTD/xhtml1-transitional.dtd">
<html xmlns="http://www.w3.org/1999/xhtml" xml:lang="en" lang="en">
 <head>
  <title>
</title>
<meta http-equiv="Content-Type" content="text/html;charset=utf-8" />
  <meta name='ocr-system' content='tesseract 3.04.00' />
  <meta name='ocr-capabilities' content='ocr_page ocr_carea ocr_par ocr_line ocrx_word'/>
</head>
<body>
  <div class='ocr_page' id='page_1' title='image "./libriquinquesil00statgoog_0352.png"; bbox 0 0 3284 5162; ppageno 0'>
   <div class='ocr_carea' id='block_1_1' title="bbox 542 490 1260 574">
    <p class='ocr_par' dir='ltr' id='par_1_1' title="bbox 542 490 1260 574">
     <span class='ocr_line' id='line_1_1' title="bbox 542 490 1260 574; baseline 0.004 -18"><span class='ocrx_word' id='word_1_1' title='bbox 542 491 607 556; x_wconf 84' lang='lat' dir='ltr'>·sn</span> <span class='ocrx_word' id='word_1_2' title='bbox 629 493 818 558; x_wconf 77' lang='lat' dir='ltr'>ussuuu</span> <span class='ocrx_word' id='word_1_3' title='bbox 841 495 881 555; x_wconf 83' lang='lat' dir='ltr'>u.</span> <span class='ocrx_word' id='word_1_4' title='bbox 1170 490 1260 574; x_wconf 71' lang='lat'>345.</span> 
     </span>
    </p>
   </div>
   <div class='ocr_carea' id='block_1_2' title="bbox 192 601 1350 687">
    <p class='ocr_par' dir='ltr' id='par_1_2' title="bbox 192 601 1350 687">
     <span class='ocr_line' id='line_1_2' title="bbox 192 601 1350 687; baseline 0.006 -25"><span class='ocrx_word' id='word_1_5' title='bbox 192 613 239 682; x_wconf 88' lang='lat' dir='ltr'>qui</span> <span class='ocrx_word' id='word_1_6' title='bbox 254 611 463 684; x_wconf 83' lang='lat' dir='ltr'>·.placidumqne</span> <span class='ocrx_word' id='word_1_7' title='bbox 478 617 571 686; x_wconf 75' lang='lat' dir='ltr'>petivit</span> <span class='ocrx_word' id='word_1_8' title='bbox 586 616 713 687; x_wconf 74' lang='lat' dir='ltr'>Conjugis</span> <span class='ocrx_word' id='word_1_9' title='bbox 727 617 830 670; x_wconf 81' lang='lat' dir='ltr'>infusus</span> <span class='ocrx_word' id='word_1_10' title='bbox 844 617 946 687; x_wconf 70' lang='lat' dir='ltr'>gremio</span> <span class='ocrx_word' id='word_1_11' title='bbox 961 635 1010 686; x_wconf 91' lang='lat' dir='ltr'>per</span> <span class='ocrx_word' id='word_1_12' title='bbox 1026 615 1144 670; x_wconf 83' lang='lat' dir='ltr'>membra</span> <span class='ocrx_word' id='word_1_13' title='bbox 1156 635 1238 687; x_wconf 92' lang='lat' dir='ltr'>sopo·</span> <span class='ocrx_word' id='word_1_14' title='bbox 1347 601 1350 608; x_wconf 24' lang='grc' dir='ltr'>ι</span> 
     </span>
    </p>
   </div>
   <div class='ocr_carea' id='block_1_3' title="bbox 186 692 1242 2270">
    <p class='ocr_par' dir='ltr' id='par_1_3' title="bbox 186 692 1242 2270">
     <span class='ocr_line' id='line_1_3' title="bbox 192 692 1240 768; baseline 0.007 -26"><span class='ocrx_word' id='word_1_15' title='bbox 192 709 279 743; x_wconf 57' lang='lat' dir='ltr'>rema</span> <span class='ocrx_word' id='word_1_16' title='bbox 293 692 357 746; x_wconf 86' lang='lat' dir='ltr'>lude</span> <span class='ocrx_word' id='word_1_17' title='bbox 367 693 480 748; x_wconf 78' lang='lat' dir='ltr'>laborem</span> <span class='ocrx_word' id='word_1_18' title='bbox 493 719 501 748; x_wconf 82' lang='grc' dir='ltr'>ι</span> <span class='ocrx_word' id='word_1_19' title='bbox 516 695 587 748; x_wconf 89' lang='lat' dir='ltr'>unde</span> <span class='ocrx_word' id='word_1_20' title='bbox 598 698 725 750; x_wconf 81' lang='lat' dir='ltr'>Terentio</span> <span class='ocrx_word' id='word_1_21' title='bbox 736 696 854 749; x_wconf 74' lang='lat' dir='ltr'>Phaedria</span> <span class='ocrx_word' id='word_1_22' title='bbox 868 719 874 747; x_wconf 91' lang='lat'>:</span> <span class='ocrx_word' id='word_1_23' title='bbox 894 698 989 768; x_wconf 76' lang='lat' dir='ltr'>eOpus</span> <span class='ocrx_word' id='word_1_24' title='bbox 1001 697 1112 762; x_wconf 76' lang='lat' dir='ltr'>lucium,</span> <span class='ocrx_word' id='word_1_25' title='bbox 1125 709 1154 748; x_wconf 88' lang='lat' dir='ltr'>ut</span> <span class='ocrx_word' id='word_1_26' title='bbox 1165 697 1240 750; x_wconf 82' lang='lat' dir='ltr'>deis·</span> 
     </span>
     <span class='ocr_line' id='line_1_4' title="bbox 192 769 1239 848; baseline 0.006 -26"><span class='ocrx_word' id='word_1_27' title='bbox 192 773 260 841; x_wconf 75' lang='lat' dir='ltr'>siger</span> <span class='ocrx_word' id='word_1_28' title='bbox 270 791 353 845; x_wconf 88' lang='lat' dir='ltr'>usque</span> <span class='ocrx_word' id='word_1_29' title='bbox 366 769 473 845; x_wconf 77' lang='lat' dir='ltr'>ingratis</span> <span class='ocrx_word' id='word_1_30' title='bbox 485 789 513 828; x_wconf 91' lang='lat' dir='ltr'>ut</span> <span class='ocrx_word' id='word_1_31' title='bbox 525 775 663 828; x_wconf 81' lang='lat' dir='ltr'>dormiam.</span> <span class='ocrx_word' id='word_1_32' title='bbox 675 801 687 825; x_wconf 76' lang='grc' dir='ltr'>ι</span> <span class='ocrx_word' id='word_1_33' title='bbox 704 777 798 841; x_wconf 83' lang='lat' dir='ltr'>Silius,</span> <span class='ocrx_word' id='word_1_34' title='bbox 814 777 858 829; x_wconf 91' lang='lat' dir='ltr'>lib.</span> <span class='ocrx_word' id='word_1_35' title='bbox 872 778 946 842; x_wconf 86' lang='lat' dir='ltr'>Vlll,</span> <span class='ocrx_word' id='word_1_36' title='bbox 958 795 995 828; x_wconf 86' lang='lat' dir='ltr'>vs.</span> <span class='ocrx_word' id='word_1_37' title='bbox 1007 775 1057 848; x_wconf 81' lang='lat'>572</span> <span class='ocrx_word' id='word_1_38' title='bbox 1071 799 1077 828; x_wconf 91' lang='lat'><strong>:</strong></span> <span class='ocrx_word' id='word_1_39' title='bbox 1095 778 1239 848; x_wconf 76' lang='lat' dir='ltr'>«sitimque</span> 
     </span>
     <span class='ocr_line' id='line_1_5' title="bbox 192 852 1238 929; baseline 0.005 -28"><span class='ocrx_word' id='word_1_40' title='bbox 192 852 321 904; x_wconf 80' lang='lat' dir='ltr'>Auertunt</span> <span class='ocrx_word' id='word_1_41' title='bbox 333 853 411 908; x_wconf 82' lang='lat' dir='ltr'>llssuio</span> <span class='ocrx_word' id='word_1_42' title='bbox 423 858 563 929; x_wconf 77' lang='lat' dir='ltr'><strong>somnique</strong></span> <span class='ocrx_word' id='word_1_43' title='bbox 579 857 670 908; x_wconf 89' lang='lat' dir='ltr'>labore</span> <span class='ocrx_word' id='word_1_44' title='bbox 687 869 846 927; x_wconf 75' lang='lat' dir='ltr'>parasitum</span> <span class='ocrx_word' id='word_1_45' title='bbox 868 856 981 908; x_wconf 82' lang='lat' dir='ltr'><strong>Additur</strong></span> <span class='ocrx_word' id='word_1_46' title='bbox 991 856 1122 922; x_wconf 79' lang='lat' dir='ltr'>Baculus,</span> <span class='ocrx_word' id='word_1_47' title='bbox 1137 854 1170 907; x_wconf 93' lang='lat' dir='ltr'>de</span> <span class='ocrx_word' id='word_1_48' title='bbox 1185 873 1238 927; x_wconf 89' lang='lat' dir='ltr'>quo</span> 
     </span>
     <span class='ocr_line' id='line_1_6' title="bbox 192 930 1235 1008; baseline 0.008 -28"><span class='ocrx_word' id='word_1_49' title='bbox 192 930 357 986; x_wconf 80' lang='lat' dir='ltr'>NosterSilv.</span> <span class='ocrx_word' id='word_1_50' title='bbox 370 937 393 1000; x_wconf 92' lang='lat' dir='ltr'>l,</span> <span class='ocrx_word' id='word_1_51' title='bbox 403 935 434 1001; x_wconf 84' lang='lat'>6,</span> <span class='ocrx_word' id='word_1_52' title='bbox 444 953 477 1006; x_wconf 85' lang='lat'>97</span> <span class='ocrx_word' id='word_1_53' title='bbox 488 957 493 986; x_wconf 91' lang='lat'>:</span> <span class='ocrx_word' id='word_1_54' title='bbox 507 950 627 1008; x_wconf 79' lang='lat' dir='ltr'>«tuoque</span> <span class='ocrx_word' id='word_1_55' title='bbox 636 936 740 989; x_wconf 86' lang='lat' dir='ltr'>Baccho</span> <span class='ocrx_word' id='word_1_56' title='bbox 748 939 778 989; x_wconf 88' lang='lat' dir='ltr'>ln</span> <span class='ocrx_word' id='word_1_57' title='bbox 788 955 876 988; x_wconf 86' lang='lat' dir='ltr'>serum</span> <span class='ocrx_word' id='word_1_58' title='bbox 886 936 977 995; x_wconf 84' lang='lat' dir='ltr'>tesbor</span> <span class='ocrx_word' id='word_1_59' title='bbox 985 935 1073 990; x_wconf 79' lang='lat' dir='ltr'>ebrius</span> <span class='ocrx_word' id='word_1_60' title='bbox 1082 953 1235 1007; x_wconf 65' lang='lat' dir='ltr'>soporent-</span> 
     </span>
     <span class='ocr_line' id='line_1_7' title="bbox 192 1007 1238 1086; baseline 0.004 -24"><span class='ocrx_word' id='word_1_61' title='bbox 192 1007 286 1076; x_wconf 79' lang='lat' dir='ltr'>Silius,</span> <span class='ocrx_word' id='word_1_62' title='bbox 295 1011 342 1065; x_wconf 87' lang='lat' dir='ltr'>lib.</span> <span class='ocrx_word' id='word_1_63' title='bbox 352 1015 412 1080; x_wconf 85' lang='lat' dir='ltr'>Vll,</span> <span class='ocrx_word' id='word_1_64' title='bbox 423 1034 460 1068; x_wconf 82' lang='lat' dir='ltr'>vs.</span> <span class='ocrx_word' id='word_1_65' title='bbox 475 1017 538 1084; x_wconf 66' lang='lat' dir='ltr'>soi:</span> <span class='ocrx_word' id='word_1_66' title='bbox 552 1018 721 1086; x_wconf 79' lang='lat' dir='ltr'>scosnposuit</span> <span class='ocrx_word' id='word_1_67' title='bbox 731 1016 858 1068; x_wconf 86' lang='lat' dir='ltr'>luctantis</span> <span class='ocrx_word' id='word_1_68' title='bbox 868 1014 968 1068; x_wconf 83' lang='lat' dir='ltr'>lumina</span> <span class='ocrx_word' id='word_1_69' title='bbox 978 1033 1100 1082; x_wconf 83' lang='lat' dir='ltr'>somnes,</span> <span class='ocrx_word' id='word_1_70' title='bbox 1110 1016 1238 1080; x_wconf 86' lang='lat' dir='ltr'>Somnus,</span> 
     </span>
     <span class='ocr_line' id='line_1_8' title="bbox 194 1089 1239 1169; baseline 0.004 -28"><span class='ocrx_word' id='word_1_71' title='bbox 194 1089 309 1154; x_wconf 84' lang='lat' dir='ltr'>Bacche,</span> <span class='ocrx_word' id='word_1_72' title='bbox 320 1094 368 1146; x_wconf 90' lang='lat' dir='ltr'>tibi</span> <span class='ocrx_word' id='word_1_73' title='bbox 378 1114 467 1149; x_wconf 87' lang='lat' dir='ltr'>comes</span> <span class='ocrx_word' id='word_1_74' title='bbox 478 1095 593 1148; x_wconf 87' lang='lat' dir='ltr'>additus.</span> <span class='ocrx_word' id='word_1_75' title='bbox 603 1120 613 1143; x_wconf 79' lang='grc' dir='ltr'>ι</span> <span class='ocrx_word' id='word_1_76' title='bbox 623 1097 753 1166; x_wconf 73' lang='lat' dir='ltr'>Expertus</span> <span class='ocrx_word' id='word_1_77' title='bbox 763 1096 875 1169; x_wconf 74' lang='lat' dir='ltr'>Cyclops</span> <span class='ocrx_word' id='word_1_78' title='bbox 885 1095 912 1146; x_wconf 91' lang='lat' dir='ltr'>in</span> <span class='ocrx_word' id='word_1_79' title='bbox 922 1094 1048 1168; x_wconf 75' lang='lat' dir='ltr'>Odysses.</span> <span class='ocrx_word' id='word_1_80' title='bbox 1059 1097 1116 1148; x_wconf 81' lang='lat' dir='ltr'>Nec</span> <span class='ocrx_word' id='word_1_81' title='bbox 1127 1108 1239 1160; x_wconf 84' lang='lat' dir='ltr'>temere,</span> 
     </span>
     <span class='ocr_line' id='line_1_9' title="bbox 194 1168 1238 1249; baseline 0.004 -30"><span class='ocrx_word' id='word_1_82' title='bbox 194 1168 267 1238; x_wconf 89' lang='lat' dir='ltr'>qnod</span> <span class='ocrx_word' id='word_1_83' title='bbox 277 1171 359 1225; x_wconf 79' lang='lat' dir='ltr'>Amor</span> <span class='ocrx_word' id='word_1_84' title='bbox 369 1175 517 1249; x_wconf 72' lang='lat' dir='ltr'>Martiqena</span> <span class='ocrx_word' id='word_1_85' title='bbox 527 1177 693 1247; x_wconf 80' lang='lat' dir='ltr'>potissimum</span> <span class='ocrx_word' id='word_1_86' title='bbox 705 1194 765 1230; x_wconf 90' lang='lat' dir='ltr'>cum</span> <span class='ocrx_word' id='word_1_87' title='bbox 778 1175 876 1228; x_wconf 89' lang='lat' dir='ltr'>Somno</span> <span class='ocrx_word' id='word_1_88' title='bbox 887 1174 982 1236; x_wconf 59' lang='lat' dir='ltr'>ouban</span> <span class='ocrx_word' id='word_1_89' title='bbox 993 1193 1053 1226; x_wconf 89' lang='lat' dir='ltr'>nam</span> <span class='ocrx_word' id='word_1_90' title='bbox 1062 1176 1156 1227; x_wconf 83' lang='lat' dir='ltr'>Martis</span> <span class='ocrx_word' id='word_1_91' title='bbox 1165 1191 1238 1225; x_wconf 88' lang='lat' dir='ltr'>amor</span> 
     </span>
     <span class='ocr_line' id='line_1_10' title="bbox 193 1251 1238 1328; baseline 0.003 -27"><span class='ocrx_word' id='word_1_92' title='bbox 193 1269 242 1321; x_wconf 85' lang='lat' dir='ltr'>per</span> <span class='ocrx_word' id='word_1_93' title='bbox 253 1269 376 1307; x_wconf 87' lang='lat' dir='ltr'>somnum</span> <span class='ocrx_word' id='word_1_94' title='bbox 389 1255 569 1328; x_wconf 86' lang='lat' dir='ltr'>deprehensus</span> <span class='ocrx_word' id='word_1_95' title='bbox 582 1270 629 1309; x_wconf 87' lang='lat' dir='ltr'>est.</span> <span class='ocrx_word' id='word_1_96' title='bbox 647 1255 793 1310; x_wconf 88' lang='lat' dir='ltr'>Simonides</span> <span class='ocrx_word' id='word_1_97' title='bbox 806 1277 812 1305; x_wconf 93' lang='lat'><strong>:</strong></span> <span class='ocrx_word' id='word_1_98' title='bbox 827 1251 928 1320; x_wconf 75' lang='grc' dir='ltr'>Σχὶιιιι</span> <span class='ocrx_word' id='word_1_99' title='bbox 939 1256 998 1317; x_wconf 74' lang='lat' dir='ltr'>rui,</span> <span class='ocrx_word' id='word_1_100' title='bbox 1010 1252 1144 1320; x_wconf 60' lang='lat' dir='ltr'>tuturus,</span> <span class='ocrx_word' id='word_1_101' title='bbox 1153 1252 1238 1322; x_wconf 72' lang='grc' dir='ltr'>Ἀφρι-</span> 
     </span>
     <span class='ocr_line' id='line_1_11' title="bbox 193 1329 1238 1404; baseline 0.008 -26"><span class='ocrx_word' id='word_1_102' title='bbox 193 1329 251 1382; x_wconf 65' lang='lat' dir='ltr'>sne</span> <span class='ocrx_word' id='word_1_103' title='bbox 258 1331 527 1404; x_wconf 62' lang='grc' dir='ltr'>τόιίιμῖθιιιμίχιιιφ</span> <span class='ocrx_word' id='word_1_104' title='bbox 536 1334 614 1401; x_wconf 63' lang='lat' dir='ltr'>rixas.</span> <span class='ocrx_word' id='word_1_105' title='bbox 625 1335 773 1401; x_wconf 90' lang='lat' dir='ltr'>Cicero,de</span> <span class='ocrx_word' id='word_1_106' title='bbox 782 1337 842 1388; x_wconf 86' lang='lat' dir='ltr'>Not.</span> <span class='ocrx_word' id='word_1_107' title='bbox 851 1337 931 1388; x_wconf 80' lang='lat' dir='ltr'>Deos.</span> <span class='ocrx_word' id='word_1_108' title='bbox 941 1338 991 1388; x_wconf 83' lang='lat'>111:</span> <span class='ocrx_word' id='word_1_109' title='bbox 1008 1357 1019 1382; x_wconf 79' lang='lat' dir='ltr'>s</span> <span class='ocrx_word' id='word_1_110' title='bbox 1029 1338 1067 1388; x_wconf 79' lang='lat' dir='ltr'>lis</span> <span class='ocrx_word' id='word_1_111' title='bbox 1077 1353 1108 1387; x_wconf 87' lang='lat' dir='ltr'>ea</span> <span class='ocrx_word' id='word_1_112' title='bbox 1118 1349 1144 1388; x_wconf 87' lang='lat' dir='ltr'>et</span> <span class='ocrx_word' id='word_1_113' title='bbox 1153 1335 1238 1386; x_wconf 86' lang='lat' dir='ltr'>Marte</span> 
     </span>
     <span class='ocr_line' id='line_1_12' title="bbox 193 1411 1237 1486; baseline 0.004 -28"><span class='ocrx_word' id='word_1_114' title='bbox 193 1422 271 1462; x_wconf 89' lang='lat' dir='ltr'>natus</span> <span class='ocrx_word' id='word_1_115' title='bbox 283 1413 397 1466; x_wconf 76' lang='lat' dir='ltr'>Anteros</span> <span class='ocrx_word' id='word_1_116' title='bbox 410 1414 537 1468; x_wconf 67' lang='lat' dir='ltr'>dicisum</span> <span class='ocrx_word' id='word_1_117' title='bbox 554 1415 666 1468; x_wconf 82' lang='lat' dir='ltr'>lnten&#39;us</span> <span class='ocrx_word' id='word_1_118' title='bbox 680 1426 773 1466; x_wconf 87' lang='lat' dir='ltr'>tectum</span> <span class='ocrx_word' id='word_1_119' title='bbox 785 1414 929 1485; x_wconf 71' lang='lat' dir='ltr'>exquisite,</span> <span class='ocrx_word' id='word_1_120' title='bbox 943 1427 973 1466; x_wconf 90' lang='lat' dir='ltr'>ut</span> <span class='ocrx_word' id='word_1_121' title='bbox 987 1415 1156 1486; x_wconf 88' lang='lat' dir='ltr'>Propertius,</span> <span class='ocrx_word' id='word_1_122' title='bbox 1168 1415 1192 1479; x_wconf 95' lang='lat' dir='ltr'>l,</span> <span class='ocrx_word' id='word_1_123' title='bbox 1205 1411 1237 1466; x_wconf 83' lang='lat'>5:</span> 
     </span>
     <span class='ocr_line' id='line_1_13' title="bbox 195 1491 1238 1568; baseline 0.001 -27"><span class='ocrx_word' id='word_1_124' title='bbox 195 1511 206 1535; x_wconf 74' lang='grc' dir='ltr'>ι</span> <span class='ocrx_word' id='word_1_125' title='bbox 218 1491 387 1565; x_wconf 89' lang='lat' dir='ltr'>Ulteriusque</span> <span class='ocrx_word' id='word_1_126' title='bbox 400 1493 494 1548; x_wconf 90' lang='lat' dir='ltr'>domos</span> <span class='ocrx_word' id='word_1_127' title='bbox 504 1494 600 1547; x_wconf 80' lang='lat' dir='ltr'>vadere</span> <span class='ocrx_word' id='word_1_128' title='bbox 612 1495 787 1547; x_wconf 81' lang='lat' dir='ltr'>Memnonios.</span> <span class='ocrx_word' id='word_1_129' title='bbox 799 1518 810 1541; x_wconf 82' lang='grc' dir='ltr'>ι</span> <span class='ocrx_word' id='word_1_130' title='bbox 823 1493 903 1562; x_wconf 90' lang='lat' dir='ltr'>Quod</span> <span class='ocrx_word' id='word_1_131' title='bbox 913 1513 966 1548; x_wconf 93' lang='lat' dir='ltr'>non</span> <span class='ocrx_word' id='word_1_132' title='bbox 976 1497 1046 1568; x_wconf 88' lang='lat' dir='ltr'>cepit</span> <span class='ocrx_word' id='word_1_133' title='bbox 1056 1496 1169 1566; x_wconf 89' lang='lat' dir='ltr'>scriptor</span> <span class='ocrx_word' id='word_1_134' title='bbox 1179 1492 1238 1546; x_wconf 90' lang='lat' dir='ltr'>cod.</span> 
     </span>
     <span class='ocr_line' id='line_1_14' title="bbox 192 1569 1238 1646; baseline 0.002 -24"><span class='ocrx_word' id='word_1_135' title='bbox 192 1569 260 1622; x_wconf 79' lang='lat' dir='ltr'>Gall.</span> <span class='ocrx_word' id='word_1_136' title='bbox 275 1575 321 1644; x_wconf 92' lang='lat' dir='ltr'>qui</span> <span class='ocrx_word' id='word_1_137' title='bbox 331 1573 405 1628; x_wconf 87' lang='lat' dir='ltr'>dedit</span> <span class='ocrx_word' id='word_1_138' title='bbox 417 1575 486 1627; x_wconf 84' lang='lat' dir='ltr'>tecti.</span> <span class='ocrx_word' id='word_1_139' title='bbox 506 1577 539 1626; x_wconf 84' lang='grc' dir='ltr'>Δι</span> <span class='ocrx_word' id='word_1_140' title='bbox 551 1593 600 1646; x_wconf 72' lang='lat' dir='ltr'>ego</span> <span class='ocrx_word' id='word_1_141' title='bbox 613 1593 720 1640; x_wconf 84' lang='lat' dir='ltr'>vereor,</span> <span class='ocrx_word' id='word_1_142' title='bbox 736 1592 770 1626; x_wconf 87' lang='lat' dir='ltr'>ne</span> <span class='ocrx_word' id='word_1_143' title='bbox 786 1575 824 1627; x_wconf 85' lang='lat' dir='ltr'>sic</span> <span class='ocrx_word' id='word_1_144' title='bbox 837 1592 944 1646; x_wconf 88' lang='lat' dir='ltr'>quoque</span> <span class='ocrx_word' id='word_1_145' title='bbox 961 1577 1065 1628; x_wconf 82' lang='lat' dir='ltr'>Persius</span> <span class='ocrx_word' id='word_1_146' title='bbox 1079 1573 1171 1626; x_wconf 84' lang='lat' dir='ltr'>dixerit</span> <span class='ocrx_word' id='word_1_147' title='bbox 1185 1574 1238 1626; x_wconf 87' lang='lat' dir='ltr'>Sat.</span> 
     </span>
     <span class='ocr_line' id='line_1_15' title="bbox 194 1650 1240 1727; baseline 0.004 -27"><span class='ocrx_word' id='word_1_148' title='bbox 194 1650 246 1716; x_wconf 85' lang='lat' dir='ltr'>Vl,</span> <span class='ocrx_word' id='word_1_149' title='bbox 257 1669 296 1704; x_wconf 84' lang='lat' dir='ltr'>vs.</span> <span class='ocrx_word' id='word_1_150' title='bbox 310 1652 340 1719; x_wconf 81' lang='lat' dir='ltr'>⁴l¹</span> <span class='ocrx_word' id='word_1_151' title='bbox 354 1676 359 1704; x_wconf 94' lang='lat'>:</span> <span class='ocrx_word' id='word_1_152' title='bbox 378 1678 390 1702; x_wconf 77' lang='grc' dir='ltr'>ι</span> <span class='ocrx_word' id='word_1_153' title='bbox 399 1657 461 1708; x_wconf 79' lang='lat' dir='ltr'>llaec</span> <span class='ocrx_word' id='word_1_154' title='bbox 473 1656 561 1708; x_wconf 89' lang='lat' dir='ltr'>cinere</span> <span class='ocrx_word' id='word_1_155' title='bbox 574 1653 681 1706; x_wconf 86' lang='lat' dir='ltr'>ulterior</span> <span class='ocrx_word' id='word_1_156' title='bbox 692 1667 825 1706; x_wconf 74' lang='lat' dir='ltr'>metuas.»</span> <span class='ocrx_word' id='word_1_157' title='bbox 842 1653 921 1722; x_wconf 89' lang='lat' dir='ltr'>Quod</span> <span class='ocrx_word' id='word_1_158' title='bbox 935 1655 1071 1727; x_wconf 87' lang='lat' dir='ltr'>sequitur,</span> <span class='ocrx_word' id='word_1_159' title='bbox 1084 1653 1186 1724; x_wconf 74' lang='lat' dir='ltr'>Virgilii</span> <span class='ocrx_word' id='word_1_160' title='bbox 1200 1667 1240 1706; x_wconf 90' lang='lat' dir='ltr'>est</span> 
     </span>
     <span class='ocr_line' id='line_1_16' title="bbox 195 1727 1241 1806; baseline 0.005 -28"><span class='ocrx_word' id='word_1_161' title='bbox 195 1727 222 1778; x_wconf 93' lang='lat' dir='ltr'>in</span> <span class='ocrx_word' id='word_1_162' title='bbox 234 1729 293 1782; x_wconf 80' lang='lat' dir='ltr'>AEn.</span> <span class='ocrx_word' id='word_1_163' title='bbox 303 1732 364 1798; x_wconf 87' lang='lat' dir='ltr'>Vll,</span> <span class='ocrx_word' id='word_1_164' title='bbox 377 1733 425 1804; x_wconf 84' lang='lat'>59:</span> <span class='ocrx_word' id='word_1_165' title='bbox 441 1735 527 1786; x_wconf 70' lang='lat' dir='ltr'>erecti</span> <span class='ocrx_word' id='word_1_166' title='bbox 538 1732 626 1786; x_wconf 89' lang='lat' dir='ltr'>medio</span> <span class='ocrx_word' id='word_1_167' title='bbox 639 1737 666 1786; x_wconf 89' lang='lat' dir='ltr'>in</span> <span class='ocrx_word' id='word_1_168' title='bbox 678 1732 860 1806; x_wconf 77' lang='lat' dir='ltr'>penetralibus</span> <span class='ocrx_word' id='word_1_169' title='bbox 873 1735 940 1787; x_wconf 82' lang='lat' dir='ltr'>eltis.</span> <span class='ocrx_word' id='word_1_170' title='bbox 953 1758 963 1782; x_wconf 88' lang='grc' dir='ltr'>ι</span> <span class='ocrx_word' id='word_1_171' title='bbox 976 1734 1027 1787; x_wconf 85' lang='lat' dir='ltr'>Sed</span> <span class='ocrx_word' id='word_1_172' title='bbox 1037 1736 1074 1788; x_wconf 86' lang='grc' dir='ltr'>Ει</span> <span class='ocrx_word' id='word_1_173' title='bbox 1084 1753 1142 1786; x_wconf 85' lang='lat' dir='ltr'>cum</span> <span class='ocrx_word' id='word_1_174' title='bbox 1156 1733 1241 1786; x_wconf 85' lang='lat' dir='ltr'>Morte</span> 
     </span>
     <span class='ocr_line' id='line_1_17' title="bbox 186 1809 1241 1885; baseline 0.008 -27"><span class='ocrx_word' id='word_1_175' title='bbox 186 1809 273 1879; x_wconf 80' lang='lat' dir='ltr'>jacet,</span> <span class='ocrx_word' id='word_1_176' title='bbox 286 1813 347 1882; x_wconf 88' lang='lat' dir='ltr'>quia</span> <span class='ocrx_word' id='word_1_177' title='bbox 361 1816 574 1884; x_wconf 72' lang='lat' dir='ltr'>consanguincus</span> <span class='ocrx_word' id='word_1_178' title='bbox 585 1813 630 1866; x_wconf 88' lang='lat' dir='ltr'>leti</span> <span class='ocrx_word' id='word_1_179' title='bbox 645 1833 736 1885; x_wconf 92' lang='lat' dir='ltr'>sopor.</span> <span class='ocrx_word' id='word_1_180' title='bbox 752 1814 844 1868; x_wconf 81' lang='lat' dir='ltr'>lleiert</span> <span class='ocrx_word' id='word_1_181' title='bbox 857 1815 1000 1868; x_wconf 78' lang='lat' dir='ltr'>Pausanias</span> <span class='ocrx_word' id='word_1_182' title='bbox 1010 1816 1038 1866; x_wconf 92' lang='lat' dir='ltr'>in</span> <span class='ocrx_word' id='word_1_183' title='bbox 1050 1813 1147 1866; x_wconf 86' lang='lat' dir='ltr'>Eliscis</span> <span class='ocrx_word' id='word_1_184' title='bbox 1159 1815 1241 1866; x_wconf 84' lang='lat' dir='ltr'>instar</span> 
     </span>
     <span class='ocr_line' id='line_1_18' title="bbox 194 1887 1241 1967; baseline 0.007 -30"><span class='ocrx_word' id='word_1_185' title='bbox 194 1887 299 1942; x_wconf 79' lang='lat' dir='ltr'>feminae</span> <span class='ocrx_word' id='word_1_186' title='bbox 314 1890 382 1945; x_wconf 91' lang='lat' dir='ltr'>duos</span> <span class='ocrx_word' id='word_1_187' title='bbox 396 1912 494 1966; x_wconf 89' lang='lat' dir='ltr'>pueros</span> <span class='ocrx_word' id='word_1_188' title='bbox 507 1895 624 1967; x_wconf 89' lang='lat' dir='ltr'>sopitos,</span> <span class='ocrx_word' id='word_1_189' title='bbox 642 1893 731 1946; x_wconf 89' lang='lat' dir='ltr'>album</span> <span class='ocrx_word' id='word_1_190' title='bbox 749 1892 858 1960; x_wconf 81' lang='lat' dir='ltr'>dextra,</span> <span class='ocrx_word' id='word_1_191' title='bbox 874 1895 977 1964; x_wconf 78' lang='lat' dir='ltr'>nigrum</span> <span class='ocrx_word' id='word_1_192' title='bbox 992 1895 1097 1948; x_wconf 68' lang='lat' dir='ltr'>sinutrs</span> <span class='ocrx_word' id='word_1_193' title='bbox 1110 1893 1241 1946; x_wconf 89' lang='lat' dir='ltr'>sustineu-</span> 
     </span>
     <span class='ocr_line' id='line_1_19' title="bbox 195 1969 1242 2042; baseline 0.003 -22"><span class='ocrx_word' id='word_1_194' title='bbox 195 1969 246 2035; x_wconf 88' lang='lat' dir='ltr'>tis,</span> <span class='ocrx_word' id='word_1_195' title='bbox 259 1983 284 2022; x_wconf 94' lang='lat' dir='ltr'>et</span> <span class='ocrx_word' id='word_1_196' title='bbox 296 1971 414 2027; x_wconf 84' lang='lat' dir='ltr'>indicare</span> <span class='ocrx_word' id='word_1_197' title='bbox 425 1973 530 2042; x_wconf 87' lang='lat' dir='ltr'>titulos,</span> <span class='ocrx_word' id='word_1_198' title='bbox 541 1973 652 2026; x_wconf 77' lang='lat' dir='ltr'>alterum</span> <span class='ocrx_word' id='word_1_199' title='bbox 665 1973 808 2041; x_wconf 88' lang='lat' dir='ltr'>Somnum,</span> <span class='ocrx_word' id='word_1_200' title='bbox 820 1973 932 2026; x_wconf 84' lang='lat' dir='ltr'>alterurn</span> <span class='ocrx_word' id='word_1_201' title='bbox 944 1975 1058 2026; x_wconf 86' lang='lat' dir='ltr'>Mortem</span> <span class='ocrx_word' id='word_1_202' title='bbox 1067 1992 1139 2038; x_wconf 86' lang='lat' dir='ltr'>esse,</span> <span class='ocrx_word' id='word_1_203' title='bbox 1151 1972 1242 2025; x_wconf 87' lang='lat' dir='ltr'>mulie·</span> 
     </span>
     <span class='ocr_line' id='line_1_20' title="bbox 195 2053 1242 2128; baseline 0.004 -26"><span class='ocrx_word' id='word_1_204' title='bbox 195 2068 251 2102; x_wconf 86' lang='lat' dir='ltr'>rem</span> <span class='ocrx_word' id='word_1_205' title='bbox 268 2053 381 2106; x_wconf 84' lang='lat' dir='ltr'>Noctem</span> <span class='ocrx_word' id='word_1_206' title='bbox 392 2058 529 2128; x_wconf 82' lang='lat' dir='ltr'>utriusque</span> <span class='ocrx_word' id='word_1_207' title='bbox 541 2057 679 2110; x_wconf 81' lang='lat' dir='ltr'>nutricem.</span> <span class='ocrx_word' id='word_1_208' title='bbox 699 2055 951 2110; x_wconf 77' lang='lat' dir='ltr'>Conuenientissime</span> <span class='ocrx_word' id='word_1_209' title='bbox 967 2074 1027 2108; x_wconf 85' lang='lat' dir='ltr'>rnox</span> <span class='ocrx_word' id='word_1_210' title='bbox 1044 2078 1050 2107; x_wconf 77' lang='grc' dir='ltr'><strong><em>ε</em></strong></span> <span class='ocrx_word' id='word_1_211' title='bbox 1073 2055 1194 2126; x_wconf 79' lang='lat' dir='ltr'>nullique</span> <span class='ocrx_word' id='word_1_212' title='bbox 1212 2072 1242 2106; x_wconf 85' lang='lat' dir='ltr'>en</span> 
     </span>
     <span class='ocr_line' id='line_1_21' title="bbox 195 2132 1241 2208; baseline 0.004 -27"><span class='ocrx_word' id='word_1_213' title='bbox 195 2132 273 2184; x_wconf 82' lang='lat' dir='ltr'>tristis</span> <span class='ocrx_word' id='word_1_214' title='bbox 285 2133 372 2206; x_wconf 75' lang='lat' dir='ltr'>imaqo</span> <span class='ocrx_word' id='word_1_215' title='bbox 379 2157 388 2198; x_wconf 90' lang='lat'>,·</span> <span class='ocrx_word' id='word_1_216' title='bbox 403 2138 464 2208; x_wconf 83' lang='lat' dir='ltr'>quia</span> <span class='ocrx_word' id='word_1_217' title='bbox 474 2155 596 2188; x_wconf 88' lang='lat' dir='ltr'>somnum</span> <span class='ocrx_word' id='word_1_218' title='bbox 608 2137 687 2188; x_wconf 89' lang='lat' dir='ltr'>morti</span> <span class='ocrx_word' id='word_1_219' title='bbox 696 2134 869 2207; x_wconf 71' lang='lat' dir='ltr'>jungentibus</span> <span class='ocrx_word' id='word_1_220' title='bbox 879 2154 928 2189; x_wconf 89' lang='lat' dir='ltr'>nec</span> <span class='ocrx_word' id='word_1_221' title='bbox 939 2148 1034 2204; x_wconf 88' lang='lat' dir='ltr'>terror,</span> <span class='ocrx_word' id='word_1_222' title='bbox 1044 2154 1094 2189; x_wconf 90' lang='lat' dir='ltr'>nec</span> <span class='ocrx_word' id='word_1_223' title='bbox 1106 2134 1194 2188; x_wconf 90' lang='lat' dir='ltr'>dolor.</span> <span class='ocrx_word' id='word_1_224' title='bbox 1207 2136 1241 2187; x_wconf 88' lang='lat' dir='ltr'>Ut</span> 
     </span>
     <span class='ocr_line' id='line_1_22' title="bbox 195 2209 458 2270; baseline 0.015 -6"><span class='ocrx_word' id='word_1_225' title='bbox 195 2209 247 2264; x_wconf 87' lang='lat' dir='ltr'>hoc</span> <span class='ocrx_word' id='word_1_226' title='bbox 257 2212 378 2268; x_wconf 70' lang='lat' dir='ltr'>libross.</span> <span class='ocrx_word' id='word_1_227' title='bbox 392 2216 440 2270; x_wconf 81' lang='lat'>311</span> <span class='ocrx_word' id='word_1_228' title='bbox 452 2239 458 2268; x_wconf 91' lang='lat'>:</span> 
     </span>
    </p>
   </div>
   <div class='ocr_carea' id='block_1_4' title="bbox 381 2289 999 2448">
    <p class='ocr_par' dir='ltr' id='par_1_4' title="bbox 381 2289 999 2448">
     <span class='ocr_line' id='line_1_23' title="bbox 382 2289 999 2374; baseline 0.006 -18"><span class='ocrx_word' id='word_1_229' title='bbox 382 2312 478 2360; x_wconf 84' lang='lat' dir='ltr'>Nescius</span> <span class='ocrx_word' id='word_1_230' title='bbox 486 2311 533 2360; x_wconf 86' lang='lat' dir='ltr'>laea</span> <span class='ocrx_word' id='word_1_231' title='bbox 544 2314 633 2374; x_wconf 83' lang='lat' dir='ltr'>rapitur</span> <span class='ocrx_word' id='word_1_232' title='bbox 641 2313 706 2367; x_wconf 78' lang='lat' dir='ltr'>saue,</span> <span class='ocrx_word' id='word_1_233' title='bbox 716 2309 841 2374; x_wconf 81' lang='lat' dir='ltr'>hilarisque</span> <span class='ocrx_word' id='word_1_234' title='bbox 852 2311 896 2358; x_wconf 86' lang='lat' dir='ltr'>snb</span> <span class='ocrx_word' id='word_1_235' title='bbox 905 2289 999 2360; x_wconf 77' lang='lat' dir='ltr'>mabsar</span> 
     </span>
     <span class='ocr_line' id='line_1_24' title="bbox 381 2382 924 2448; baseline 0.002 -21"><span class='ocrx_word' id='word_1_236' title='bbox 381 2383 434 2430; x_wconf 86' lang='lat' dir='ltr'>Visa</span> <span class='ocrx_word' id='word_1_237' title='bbox 444 2384 517 2446; x_wconf 69' lang='lat' dir='ltr'>logis,</span> <span class='ocrx_word' id='word_1_238' title='bbox 526 2384 653 2448; x_wconf 84' lang='lat' dir='ltr'>mortisque</span> <span class='ocrx_word' id='word_1_239' title='bbox 663 2384 718 2430; x_wconf 75' lang='lat' dir='ltr'>iera</span> <span class='ocrx_word' id='word_1_240' title='bbox 727 2382 814 2430; x_wconf 84' lang='lat' dir='ltr'>lucrata</span> <span class='ocrx_word' id='word_1_241' title='bbox 824 2382 924 2432; x_wconf 88' lang='lat' dir='ltr'>dolores.</span> 
     </span>
    </p>
   </div>
   <div class='ocr_carea' id='block_1_5' title="bbox 141 2475 1243 2870">
    <p class='ocr_par' dir='ltr' id='par_1_5' title="bbox 141 2475 1243 2870">
     <span class='ocr_line' id='line_1_25' title="bbox 196 2475 1243 2551; baseline -0.001 -23"><span class='ocrx_word' id='word_1_242' title='bbox 196 2475 291 2528; x_wconf 79' lang='lat' dir='ltr'>Ovidis</span> <span class='ocrx_word' id='word_1_243' title='bbox 303 2479 372 2530; x_wconf 85' lang='lat' dir='ltr'>inter</span> <span class='ocrx_word' id='word_1_244' title='bbox 382 2492 538 2545; x_wconf 84' lang='lat' dir='ltr'>centauros,</span> <span class='ocrx_word' id='word_1_245' title='bbox 553 2479 679 2551; x_wconf 79' lang='lat' dir='ltr'>«sopitus</span> <span class='ocrx_word' id='word_1_246' title='bbox 688 2479 756 2530; x_wconf 83' lang='lat' dir='ltr'>sinis</span> <span class='ocrx_word' id='word_1_247' title='bbox 769 2491 795 2531; x_wconf 91' lang='lat' dir='ltr'>et</span> <span class='ocrx_word' id='word_1_248' title='bbox 806 2481 1003 2550; x_wconf 83' lang='lat' dir='ltr'>inexperrectus</span> <span class='ocrx_word' id='word_1_249' title='bbox 1012 2502 1024 2526; x_wconf 74' lang='grc' dir='ltr'>ι</span> <span class='ocrx_word' id='word_1_250' title='bbox 1038 2476 1159 2550; x_wconf 80' lang='lat' dir='ltr'>Aphidas</span> <span class='ocrx_word' id='word_1_251' title='bbox 1171 2478 1243 2529; x_wconf 93' lang='lat' dir='ltr'>occi·</span> 
     </span>
     <span class='ocr_line' id='line_1_26' title="bbox 197 2554 1242 2629; baseline 0.001 -24"><span class='ocrx_word' id='word_1_252' title='bbox 197 2554 283 2609; x_wconf 83' lang='lat' dir='ltr'>diturs</span> <span class='ocrx_word' id='word_1_253' title='bbox 293 2559 374 2629; x_wconf 76' lang='lat' dir='ltr'>igitur</span> <span class='ocrx_word' id='word_1_254' title='bbox 383 2561 456 2612; x_wconf 80' lang='lat' dir='ltr'>Mors</span> <span class='ocrx_word' id='word_1_255' title='bbox 464 2561 549 2613; x_wconf 85' lang='lat' dir='ltr'>caruit</span> <span class='ocrx_word' id='word_1_256' title='bbox 557 2559 765 2625; x_wconf 72' lang='lat' dir='ltr'>oensu,ldetsns.</span> <span class='ocrx_word' id='word_1_257' title='bbox 776 2559 839 2623; x_wconf 85' lang='lat' dir='ltr'>llll,</span> <span class='ocrx_word' id='word_1_258' title='bbox 851 2575 889 2610; x_wconf 83' lang='lat' dir='ltr'>us.</span> <span class='ocrx_word' id='word_1_259' title='bbox 901 2559 961 2629; x_wconf 84' lang='lat'><strong>3¹7·</strong></span> <span class='ocrx_word' id='word_1_260' title='bbox 973 2557 1054 2626; x_wconf 89' lang='lat' dir='ltr'>Quod</span> <span class='ocrx_word' id='word_1_261' title='bbox 1063 2571 1153 2611; x_wconf 84' lang='lat' dir='ltr'>autern</span> <span class='ocrx_word' id='word_1_262' title='bbox 1161 2557 1242 2609; x_wconf 88' lang='lat' dir='ltr'>Paris.</span> 
     </span>
     <span class='ocr_line' id='line_1_27' title="bbox 197 2635 1243 2710; baseline 0.002 -24"><span class='ocrx_word' id='word_1_263' title='bbox 197 2648 225 2686; x_wconf 92' lang='lat' dir='ltr'>et</span> <span class='ocrx_word' id='word_1_264' title='bbox 234 2635 321 2688; x_wconf 81' lang='lat' dir='ltr'>Tolet.</span> <span class='ocrx_word' id='word_1_265' title='bbox 334 2637 395 2689; x_wconf 90' lang='lat' dir='ltr'>cod.</span> <span class='ocrx_word' id='word_1_266' title='bbox 411 2639 531 2692; x_wconf 81' lang='lat' dir='ltr'>Gemitus·</span> <span class='ocrx_word' id='word_1_267' title='bbox 543 2638 598 2692; x_wconf 78' lang='lat' dir='ltr'>lucc</span> <span class='ocrx_word' id='word_1_268' title='bbox 608 2638 703 2710; x_wconf 86' lang='lat' dir='ltr'>species</span> <span class='ocrx_word' id='word_1_269' title='bbox 713 2649 820 2691; x_wconf 85' lang='lat' dir='ltr'>eutem.-</span> <span class='ocrx_word' id='word_1_270' title='bbox 834 2637 950 2702; x_wconf 80' lang='lat' dir='ltr'>bominis</span> <span class='ocrx_word' id='word_1_271' title='bbox 961 2637 1050 2690; x_wconf 82' lang='lat' dir='ltr'>stolidi</span> <span class='ocrx_word' id='word_1_272' title='bbox 1064 2651 1243 2690; x_wconf 84' lang='lat' dir='ltr'>commentum</span> 
     </span>
     <span class='ocr_line' id='line_1_28' title="bbox 197 2717 1243 2790; baseline 0.001 -24"><span class='ocrx_word' id='word_1_273' title='bbox 197 2728 254 2783; x_wconf 89' lang='lat' dir='ltr'>est,</span> <span class='ocrx_word' id='word_1_274' title='bbox 268 2719 314 2787; x_wconf 88' lang='lat' dir='ltr'>qui</span> <span class='ocrx_word' id='word_1_275' title='bbox 328 2720 501 2785; x_wconf 85' lang='lat' dir='ltr'>sententiam,</span> <span class='ocrx_word' id='word_1_276' title='bbox 515 2731 544 2770; x_wconf 92' lang='lat' dir='ltr'>ut</span> <span class='ocrx_word' id='word_1_277' title='bbox 556 2718 683 2790; x_wconf 83' lang='lat' dir='ltr'>putebat,</span> <span class='ocrx_word' id='word_1_278' title='bbox 697 2717 864 2771; x_wconf 84' lang='lat' dir='ltr'>laborantem</span> <span class='ocrx_word' id='word_1_279' title='bbox 877 2717 981 2789; x_wconf 79' lang='lat' dir='ltr'>explere</span> <span class='ocrx_word' id='word_1_280' title='bbox 991 2717 1082 2770; x_wconf 86' lang='lat' dir='ltr'>voluit.</span> <span class='ocrx_word' id='word_1_281' title='bbox 1098 2719 1189 2770; x_wconf 84' lang='lat' dir='ltr'>Nostri</span> <span class='ocrx_word' id='word_1_282' title='bbox 1198 2735 1243 2768; x_wconf 83' lang='lat' dir='ltr'>sex</span> 
     </span>
     <span class='ocr_line' id='line_1_29' title="bbox 141 2792 1242 2870; baseline 0.001 -24"><span class='ocrx_word' id='word_1_283' title='bbox 141 2815 145 2822; x_wconf 93' lang='lat'>·</span> <span class='ocrx_word' id='word_1_284' title='bbox 196 2793 236 2846; x_wconf 91' lang='lat' dir='ltr'>illi</span> <span class='ocrx_word' id='word_1_285' title='bbox 247 2813 348 2850; x_wconf 72' lang='lat' dir='ltr'>renum</span> <span class='ocrx_word' id='word_1_286' title='bbox 361 2798 432 2850; x_wconf 87' lang='lat' dir='ltr'>bunc</span> <span class='ocrx_word' id='word_1_287' title='bbox 444 2798 575 2854; x_wconf 84' lang='lat' dir='ltr'>illibatum</span> <span class='ocrx_word' id='word_1_288' title='bbox 588 2811 692 2852; x_wconf 86' lang='lat' dir='ltr'>servent</span> <span class='ocrx_word' id='word_1_289' title='bbox 703 2821 713 2864; x_wconf 64' lang='grc' dir='ltr'>ε,</span> <span class='ocrx_word' id='word_1_290' title='bbox 722 2800 781 2870; x_wconf 81' lang='lat' dir='ltr'>Ipse</span> <span class='ocrx_word' id='word_1_291' title='bbox 792 2811 878 2852; x_wconf 83' lang='lat' dir='ltr'>nutem</span> <span class='ocrx_word' id='word_1_292' title='bbox 891 2817 985 2852; x_wconf 79' lang='lat' dir='ltr'>vacuare</span> <span class='ocrx_word' id='word_1_293' title='bbox 995 2792 1064 2852; x_wconf 79' lang='lat' dir='ltr'>curis</span> <span class='ocrx_word' id='word_1_294' title='bbox 1073 2797 1242 2860; x_wconf 68' lang='lat' dir='ltr'>iunceus.</span> 
     </span>
    </p>
   </div>
   <div class='ocr_carea' id='block_1_6' title="bbox 196 3003 1314 4283">
    <p class='ocr_par' dir='ltr' id='par_1_6' title="bbox 196 3003 1314 4283">
     <span class='ocr_line' id='line_1_30' title="bbox 238 3003 1243 3082; baseline -0.002 -26"><span class='ocrx_word' id='word_1_295' title='bbox 238 3007 296 3078; x_wconf 81' lang='lat'><strong>176.</strong></span> <span class='ocrx_word' id='word_1_296' title='bbox 314 3007 480 3080; x_wconf 84' lang='lat' dir='ltr'>Domumque</span> <span class='ocrx_word' id='word_1_297' title='bbox 492 3007 629 3060; x_wconf 81' lang='lat' dir='ltr'>verendam</span> <span class='ocrx_word' id='word_1_298' title='bbox 642 3010 791 3082; x_wconf 72' lang='lat' dir='ltr'>Sipnorum.</span> <span class='ocrx_word' id='word_1_299' title='bbox 806 3004 907 3058; x_wconf 80' lang='lat' dir='ltr'>Alludit</span> <span class='ocrx_word' id='word_1_300' title='bbox 919 3005 952 3057; x_wconf 91' lang='lat' dir='ltr'>sd</span> <span class='ocrx_word' id='word_1_301' title='bbox 964 3003 1102 3056; x_wconf 75' lang='lat' dir='ltr'>ediculam</span> <span class='ocrx_word' id='word_1_302' title='bbox 1115 3006 1167 3056; x_wconf 85' lang='lat' dir='ltr'>sive</span> <span class='ocrx_word' id='word_1_303' title='bbox 1178 3016 1243 3056; x_wconf 88' lang='lat' dir='ltr'>tero·</span> 
     </span>
     <span class='ocr_line' id='line_1_31' title="bbox 197 3085 1245 3162; baseline -0.004 -23"><span class='ocrx_word' id='word_1_304' title='bbox 197 3087 289 3160; x_wconf 87' lang='lat' dir='ltr'>plum,</span> <span class='ocrx_word' id='word_1_305' title='bbox 301 3091 406 3161; x_wconf 92' lang='lat' dir='ltr'>inquo,</span> <span class='ocrx_word' id='word_1_306' title='bbox 421 3087 552 3162; x_wconf 73' lang='lat' dir='ltr'>religionis</span> <span class='ocrx_word' id='word_1_307' title='bbox 565 3108 662 3155; x_wconf 85' lang='lat' dir='ltr'>cause,</span> <span class='ocrx_word' id='word_1_308' title='bbox 674 3087 768 3162; x_wconf 77' lang='lat' dir='ltr'>Aquila</span> <span class='ocrx_word' id='word_1_309' title='bbox 782 3102 807 3140; x_wconf 90' lang='lat' dir='ltr'>et</span> <span class='ocrx_word' id='word_1_310' title='bbox 819 3089 894 3158; x_wconf 70' lang='lat' dir='ltr'>signa</span> <span class='ocrx_word' id='word_1_311' title='bbox 906 3087 1078 3148; x_wconf 79' lang='lat' dir='ltr'>servabantur</span> <span class='ocrx_word' id='word_1_312' title='bbox 1089 3087 1116 3136; x_wconf 92' lang='lat' dir='ltr'>iu</span> <span class='ocrx_word' id='word_1_313' title='bbox 1128 3085 1245 3137; x_wconf 83' lang='lat' dir='ltr'>exercitu</span> 
     </span>
     <span class='ocr_line' id='line_1_32' title="bbox 197 3161 1247 3236; baseline -0.003 -16"><span class='ocrx_word' id='word_1_314' title='bbox 197 3167 319 3220; x_wconf 83' lang='lat' dir='ltr'>lloruano</span> <span class='ocrx_word' id='word_1_315' title='bbox 335 3189 341 3219; x_wconf 81' lang='lat' dir='ltr'>s</span> <span class='ocrx_word' id='word_1_316' title='bbox 357 3167 523 3235; x_wconf 86' lang='lat' dir='ltr'>Herodotus,</span> <span class='ocrx_word' id='word_1_317' title='bbox 536 3167 581 3221; x_wconf 93' lang='lat' dir='ltr'>lib.</span> <span class='ocrx_word' id='word_1_318' title='bbox 601 3168 697 3236; x_wconf 79' lang='lat' dir='ltr'>lV,&#39;ne</span> <span class='ocrx_word' id='word_1_319' title='bbox 710 3165 736 3220; x_wconf 72' lang='lat' dir='ltr'>di</span> <span class='ocrx_word' id='word_1_320' title='bbox 752 3165 846 3219; x_wconf 62' lang='lat' dir='ltr'>isium</span> <span class='ocrx_word' id='word_1_321' title='bbox 863 3165 892 3222; x_wconf 77' lang='lat' dir='ltr'>sir</span> <span class='ocrx_word' id='word_1_322' title='bbox 908 3163 935 3218; x_wconf 81' lang='lat' dir='ltr'>ri</span> <span class='ocrx_word' id='word_1_323' title='bbox 948 3163 1118 3236; x_wconf 72' lang='lat' dir='ltr'>enpuriesl‘er,</span> <span class='ocrx_word' id='word_1_324' title='bbox 1131 3161 1160 3220; x_wconf 77' lang='lat' dir='ltr'>sir</span> <span class='ocrx_word' id='word_1_325' title='bbox 1171 3184 1196 3216; x_wconf 81' lang='lat' dir='ltr'>rs</span> <span class='ocrx_word' id='word_1_326' title='bbox 1208 3161 1247 3217; x_wconf 79' lang='lat' dir='ltr'>eir</span> 
     </span>
     <span class='ocr_line' id='line_1_33' title="bbox 198 3243 1247 3316; baseline -0.004 -15"><span class='ocrx_word' id='word_1_327' title='bbox 198 3243 252 3301; x_wconf 73' lang='lat' dir='ltr'>serie</span> <span class='ocrx_word' id='word_1_328' title='bbox 264 3247 318 3301; x_wconf 75' lang='lat' dir='ltr'>iada</span> <span class='ocrx_word' id='word_1_329' title='bbox 328 3244 361 3301; x_wconf 78' lang='lat' dir='ltr'>esi</span> <span class='ocrx_word' id='word_1_330' title='bbox 373 3247 457 3312; x_wconf 73' lang='grc' dir='ltr'>οιιμιῖι</span> <span class='ocrx_word' id='word_1_331' title='bbox 470 3245 510 3299; x_wconf 80' lang='lat' dir='ltr'>sel</span> <span class='ocrx_word' id='word_1_332' title='bbox 523 3245 558 3300; x_wconf 79' lang='lat' dir='ltr'>rai</span> <span class='ocrx_word' id='word_1_333' title='bbox 570 3245 710 3314; x_wconf 64' lang='grc' dir='ltr'>ἱγιίλμιιτι</span> <span class='ocrx_word' id='word_1_334' title='bbox 724 3248 767 3300; x_wconf 81' lang='lat' dir='ltr'>reli</span> <span class='ocrx_word' id='word_1_335' title='bbox 783 3246 944 3316; x_wconf 69' lang='lat' dir='ltr'>edpeeeril‘ee</span> <span class='ocrx_word' id='word_1_336' title='bbox 962 3245 1130 3316; x_wconf 69' lang='lat' dir='ltr'>spectatrices.</span> <span class='ocrx_word' id='word_1_337' title='bbox 1154 3269 1165 3291; x_wconf 80' lang='grc' dir='ltr'>ι</span> <span class='ocrx_word' id='word_1_338' title='bbox 1175 3248 1247 3298; x_wconf 88' lang='lat' dir='ltr'>Post·</span> 
     </span>
     <span class='ocr_line' id='line_1_34' title="bbox 200 3329 1247 3402; baseline 0 -22"><span class='ocrx_word' id='word_1_339' title='bbox 200 3347 280 3401; x_wconf 85' lang='lat' dir='ltr'>quem</span> <span class='ocrx_word' id='word_1_340' title='bbox 293 3330 321 3380; x_wconf 92' lang='lat' dir='ltr'>iu</span> <span class='ocrx_word' id='word_1_341' title='bbox 336 3343 420 3382; x_wconf 81' lang='lat' dir='ltr'>castra</span> <span class='ocrx_word' id='word_1_342' title='bbox 435 3331 520 3395; x_wconf 87' lang='lat' dir='ltr'>venit,</span> <span class='ocrx_word' id='word_1_343' title='bbox 534 3344 560 3382; x_wconf 88' lang='lat' dir='ltr'>et</span> <span class='ocrx_word' id='word_1_344' title='bbox 572 3330 599 3382; x_wconf 93' lang='lat' dir='ltr'>id</span> <span class='ocrx_word' id='word_1_345' title='bbox 610 3329 736 3382; x_wconf 85' lang='lat' dir='ltr'>sacellum</span> <span class='ocrx_word' id='word_1_346' title='bbox 749 3329 776 3382; x_wconf 90' lang='lat' dir='ltr'>iu</span> <span class='ocrx_word' id='word_1_347' title='bbox 789 3349 842 3402; x_wconf 91' lang='lat' dir='ltr'>quo</span> <span class='ocrx_word' id='word_1_348' title='bbox 855 3331 928 3399; x_wconf 70' lang='lat' dir='ltr'>signa</span> <span class='ocrx_word' id='word_1_349' title='bbox 941 3341 968 3380; x_wconf 89' lang='lat' dir='ltr'>et</span> <span class='ocrx_word' id='word_1_350' title='bbox 978 3329 1106 3400; x_wconf 75' lang='lat' dir='ltr'>imagines</span> <span class='ocrx_word' id='word_1_351' title='bbox 1118 3329 1247 3380; x_wconf 75' lang='lat' dir='ltr'>exercitus</span> 
     </span>
     <span class='ocr_line' id='line_1_35' title="bbox 198 3406 1248 3481; baseline -0.003 -20"><span class='ocrx_word' id='word_1_352' title='bbox 198 3407 375 3463; x_wconf 76' lang='lat' dir='ltr'>aduramur.-</span> <span class='ocrx_word' id='word_1_353' title='bbox 394 3413 433 3462; x_wconf 84' lang='lat' dir='ltr'>Ne</span> <span class='ocrx_word' id='word_1_354' title='bbox 446 3409 524 3462; x_wconf 86' lang='lat' dir='ltr'>selim</span> <span class='ocrx_word' id='word_1_355' title='bbox 536 3423 562 3461; x_wconf 89' lang='lat' dir='ltr'>te</span> <span class='ocrx_word' id='word_1_356' title='bbox 574 3411 663 3462; x_wconf 86' lang='lat' dir='ltr'>mirari</span> <span class='ocrx_word' id='word_1_357' title='bbox 676 3409 748 3481; x_wconf 89' lang='lat' dir='ltr'>quod</span> <span class='ocrx_word' id='word_1_358' title='bbox 760 3407 905 3462; x_wconf 86' lang='lat' dir='ltr'>introducit</span> <span class='ocrx_word' id='word_1_359' title='bbox 916 3407 998 3460; x_wconf 90' lang='lat' dir='ltr'>duces</span> <span class='ocrx_word' id='word_1_360' title='bbox 1011 3406 1083 3479; x_wconf 85' lang='lat' dir='ltr'>apud</span> <span class='ocrx_word' id='word_1_361' title='bbox 1098 3409 1187 3479; x_wconf 73' lang='lat' dir='ltr'>signs,</span> <span class='ocrx_word' id='word_1_362' title='bbox 1201 3425 1248 3460; x_wconf 89' lang='lat' dir='ltr'>seu</span> 
     </span>
     <span class='ocr_line' id='line_1_36' title="bbox 198 3490 1248 3564; baseline -0.002 -22"><span class='ocrx_word' id='word_1_363' title='bbox 198 3493 226 3542; x_wconf 89' lang='lat' dir='ltr'>in</span> <span class='ocrx_word' id='word_1_364' title='bbox 240 3490 396 3562; x_wconf 82' lang='lat' dir='ltr'>principiis,</span> <span class='ocrx_word' id='word_1_365' title='bbox 411 3491 610 3544; x_wconf 85' lang='lat' dir='ltr'>consultantes:</span> <span class='ocrx_word' id='word_1_366' title='bbox 629 3492 698 3543; x_wconf 90' lang='lat' dir='ltr'>nosti</span> <span class='ocrx_word' id='word_1_367' title='bbox 711 3494 780 3543; x_wconf 90' lang='lat' dir='ltr'>enirn</span> <span class='ocrx_word' id='word_1_368' title='bbox 793 3509 871 3563; x_wconf 87' lang='lat' dir='ltr'>quarn</span> <span class='ocrx_word' id='word_1_369' title='bbox 884 3491 1010 3564; x_wconf 86' lang='lat' dir='ltr'>Papinius</span> <span class='ocrx_word' id='word_1_370' title='bbox 1021 3503 1091 3542; x_wconf 89' lang='lat' dir='ltr'>amet</span> <span class='ocrx_word' id='word_1_371' title='bbox 1103 3491 1248 3561; x_wconf 79' lang='lat' dir='ltr'>exprimere</span> 
     </span>
     <span class='ocr_line' id='line_1_37' title="bbox 198 3566 1247 3642; baseline 0 -23"><span class='ocrx_word' id='word_1_372' title='bbox 198 3567 334 3622; x_wconf 78' lang='lat' dir='ltr'>Romanos</span> <span class='ocrx_word' id='word_1_373' title='bbox 344 3581 441 3622; x_wconf 83' lang='lat' dir='ltr'>mores.</span> <span class='ocrx_word' id='word_1_374' title='bbox 456 3569 495 3622; x_wconf 93' lang='lat' dir='ltr'>llli</span> <span class='ocrx_word' id='word_1_375' title='bbox 507 3587 569 3622; x_wconf 85' lang='lat' dir='ltr'>vero</span> <span class='ocrx_word' id='word_1_376' title='bbox 587 3571 733 3642; x_wconf 80' lang='lat' dir='ltr'>praecipuos</span> <span class='ocrx_word' id='word_1_377' title='bbox 746 3583 894 3622; x_wconf 84' lang='lat' dir='ltr'>castrorum</span> <span class='ocrx_word' id='word_1_378' title='bbox 911 3582 986 3621; x_wconf 87' lang='lat' dir='ltr'>actus</span> <span class='ocrx_word' id='word_1_379' title='bbox 998 3567 1071 3638; x_wconf 84' lang='lat' dir='ltr'>apud</span> <span class='ocrx_word' id='word_1_380' title='bbox 1087 3569 1162 3639; x_wconf 69' lang='lat' dir='ltr'>signa</span> <span class='ocrx_word' id='word_1_381' title='bbox 1176 3566 1247 3619; x_wconf 90' lang='lat' dir='ltr'>cele·</span> 
     </span>
     <span class='ocr_line' id='line_1_38' title="bbox 198 3645 1248 3716; baseline -0.001 -17"><span class='ocrx_word' id='word_1_382' title='bbox 198 3645 322 3700; x_wconf 86' lang='lat' dir='ltr'>brabant.</span> <span class='ocrx_word' id='word_1_383' title='bbox 336 3649 383 3702; x_wconf 82' lang='lat' dir='ltr'>los</span> <span class='ocrx_word' id='word_1_384' title='bbox 395 3647 448 3702; x_wconf 92' lang='lat' dir='ltr'>illic</span> <span class='ocrx_word' id='word_1_385' title='bbox 460 3649 569 3702; x_wconf 88' lang='lat' dir='ltr'>dictum.</span> <span class='ocrx_word' id='word_1_386' title='bbox 582 3650 684 3714; x_wconf 83' lang='lat' dir='ltr'>livius,</span> <span class='ocrx_word' id='word_1_387' title='bbox 696 3650 849 3714; x_wconf 76' lang='lat' dir='ltr'>lxxviii,</span> <span class='ocrx_word' id='word_1_388' title='bbox 863 3649 894 3715; x_wconf 75' lang='lat' dir='ltr'>al</span> <span class='ocrx_word' id='word_1_389' title='bbox 904 3687 912 3712; x_wconf 90' lang='lat'>,</span> <span class='ocrx_word' id='word_1_390' title='bbox 924 3647 1077 3700; x_wconf 79' lang='lat' dir='ltr'>«Tribunos</span> <span class='ocrx_word' id='word_1_391' title='bbox 1089 3659 1177 3699; x_wconf 85' lang='lat' dir='ltr'>tamen</span> <span class='ocrx_word' id='word_1_392' title='bbox 1186 3649 1248 3716; x_wconf 82' lang='lat' dir='ltr'>jure</span> 
     </span>
     <span class='ocr_line' id='line_1_39' title="bbox 197 3725 1314 3801; baseline -0.002 -23"><span class='ocrx_word' id='word_1_393' title='bbox 197 3725 308 3780; x_wconf 88' lang='lat' dir='ltr'>reddere</span> <span class='ocrx_word' id='word_1_394' title='bbox 319 3729 346 3779; x_wconf 91' lang='lat' dir='ltr'>in</span> <span class='ocrx_word' id='word_1_395' title='bbox 357 3729 492 3801; x_wconf 84' lang='lat' dir='ltr'>principiis</span> <span class='ocrx_word' id='word_1_396' title='bbox 504 3728 633 3781; x_wconf 87' lang='lat' dir='ltr'>sinebant.</span> <span class='ocrx_word' id='word_1_397' title='bbox 646 3752 657 3776; x_wconf 78' lang='grc' dir='ltr'>ι</span> <span class='ocrx_word' id='word_1_398' title='bbox 671 3727 833 3780; x_wconf 89' lang='lat' dir='ltr'>Coneionari</span> <span class='ocrx_word' id='word_1_399' title='bbox 844 3726 909 3778; x_wconf 88' lang='lat' dir='ltr'>inibi</span> <span class='ocrx_word' id='word_1_400' title='bbox 922 3725 991 3779; x_wconf 87' lang='lat' dir='ltr'>solet</span> <span class='ocrx_word' id='word_1_401' title='bbox 1001 3727 1158 3798; x_wconf 88' lang='lat' dir='ltr'>lrnpcrstor.</span> <span class='ocrx_word' id='word_1_402' title='bbox 1169 3727 1248 3777; x_wconf 86' lang='lat' dir='ltr'>Taci-</span> <span class='ocrx_word' id='word_1_403' title='bbox 1309 3743 1314 3750; x_wconf 91' lang='lat'>·</span> 
     </span>
     <span class='ocr_line' id='line_1_40' title="bbox 198 3806 1248 3879; baseline -0.003 -19"><span class='ocrx_word' id='word_1_404' title='bbox 198 3820 260 3874; x_wconf 88' lang='lat' dir='ltr'>tus,</span> <span class='ocrx_word' id='word_1_405' title='bbox 277 3808 347 3861; x_wconf 79' lang='lat' dir='ltr'>Ann.</span> <span class='ocrx_word' id='word_1_406' title='bbox 362 3809 387 3877; x_wconf 85' lang='lat'>1,</span> <span class='ocrx_word' id='word_1_407' title='bbox 404 3810 438 3879; x_wconf 83' lang='lat'>67</span> <span class='ocrx_word' id='word_1_408' title='bbox 455 3829 461 3860; x_wconf 79' lang='grc' dir='ltr'>ι</span> <span class='ocrx_word' id='word_1_409' title='bbox 482 3809 661 3862; x_wconf 79' lang='lat' dir='ltr'>·Contractos</span> <span class='ocrx_word' id='word_1_410' title='bbox 676 3811 703 3860; x_wconf 91' lang='lat' dir='ltr'>iu</span> <span class='ocrx_word' id='word_1_411' title='bbox 719 3809 851 3879; x_wconf 85' lang='lat' dir='ltr'>principia</span> <span class='ocrx_word' id='word_1_412' title='bbox 866 3806 961 3859; x_wconf 86' lang='lat' dir='ltr'>milites</span> <span class='ocrx_word' id='word_1_413' title='bbox 975 3808 1055 3878; x_wconf 86' lang='lat' dir='ltr'>jussit</span> <span class='ocrx_word' id='word_1_414' title='bbox 1068 3825 1128 3858; x_wconf 88' lang='lat' dir='ltr'>cum</span> <span class='ocrx_word' id='word_1_415' title='bbox 1144 3806 1248 3858; x_wconf 89' lang='lat' dir='ltr'>silentio</span> 
     </span>
     <span class='ocr_line' id='line_1_41' title="bbox 199 3885 1249 3962; baseline -0.002 -24"><span class='ocrx_word' id='word_1_416' title='bbox 199 3885 308 3951; x_wconf 79' lang='lat' dir='ltr'>andire3</span> <span class='ocrx_word' id='word_1_417' title='bbox 319 3911 329 3935; x_wconf 88' lang='grc' dir='ltr'>ι</span> <span class='ocrx_word' id='word_1_418' title='bbox 346 3887 439 3941; x_wconf 75' lang='lat' dir='ltr'>littera</span> <span class='ocrx_word' id='word_1_419' title='bbox 453 3888 567 3961; x_wconf 76' lang='lat' dir='ltr'>publice</span> <span class='ocrx_word' id='word_1_420' title='bbox 576 3890 614 3942; x_wconf 91' lang='lat' dir='ltr'>ibi</span> <span class='ocrx_word' id='word_1_421' title='bbox 625 3890 706 3942; x_wconf 83' lang='lat' dir='ltr'>lectae.</span> <span class='ocrx_word' id='word_1_422' title='bbox 720 3889 874 3962; x_wconf 88' lang='lat' dir='ltr'>Spartianus</span> <span class='ocrx_word' id='word_1_423' title='bbox 885 3889 1043 3940; x_wconf 85' lang='lat' dir='ltr'>Pescennio:</span> <span class='ocrx_word' id='word_1_424' title='bbox 1062 3910 1073 3933; x_wconf 81' lang='grc' dir='ltr'>ι</span> <span class='ocrx_word' id='word_1_425' title='bbox 1083 3888 1177 3957; x_wconf 86' lang='lat' dir='ltr'>ltaque</span> <span class='ocrx_word' id='word_1_426' title='bbox 1189 3887 1249 3937; x_wconf 77' lang='lat' dir='ltr'>misi</span> 
     </span>
     <span class='ocr_line' id='line_1_42' title="bbox 198 3963 1249 4042; baseline -0.003 -26"><span class='ocrx_word' id='word_1_427' title='bbox 198 3963 300 4019; x_wconf 87' lang='lat' dir='ltr'>litteras</span> <span class='ocrx_word' id='word_1_428' title='bbox 312 3967 463 4021; x_wconf 76' lang='lat' dir='ltr'>recitandus</span> <span class='ocrx_word' id='word_1_429' title='bbox 477 3968 512 4020; x_wconf 87' lang='lat' dir='ltr'>ad</span> <span class='ocrx_word' id='word_1_430' title='bbox 522 3971 605 4042; x_wconf 75' lang='lat' dir='ltr'>signs.</span> <span class='ocrx_word' id='word_1_431' title='bbox 618 3993 628 4017; x_wconf 88' lang='grc' dir='ltr'>ι</span> <span class='ocrx_word' id='word_1_432' title='bbox 640 3973 793 4022; x_wconf 77' lang='lat' dir='ltr'>duramenta</span> <span class='ocrx_word' id='word_1_433' title='bbox 805 3965 858 4020; x_wconf 87' lang='lat' dir='ltr'>illic</span> <span class='ocrx_word' id='word_1_434' title='bbox 873 3979 972 4021; x_wconf 79' lang='lat' dir='ltr'>esscts.</span> <span class='ocrx_word' id='word_1_435' title='bbox 985 3967 1071 4019; x_wconf 88' lang='lat' dir='ltr'>Tacit.</span> <span class='ocrx_word' id='word_1_436' title='bbox 1084 3963 1181 4017; x_wconf 80' lang='lat' dir='ltr'>Annal.</span> <span class='ocrx_word' id='word_1_437' title='bbox 1191 3964 1249 4030; x_wconf 81' lang='lat' dir='ltr'>XV,</span> 
     </span>
     <span class='ocr_line' id='line_1_43' title="bbox 198 4044 1248 4121; baseline -0.003 -23"><span class='ocrx_word' id='word_1_438' title='bbox 198 4065 223 4098; x_wconf 91' lang='lat' dir='ltr'>c.</span> <span class='ocrx_word' id='word_1_439' title='bbox 241 4045 290 4099; x_wconf 75' lang='lat'>16:</span> <span class='ocrx_word' id='word_1_440' title='bbox 306 4047 508 4118; x_wconf 75' lang='lat' dir='ltr'>elurejuraodo</span> <span class='ocrx_word' id='word_1_441' title='bbox 520 4051 580 4102; x_wconf 88' lang='lat' dir='ltr'>Paeti</span> <span class='ocrx_word' id='word_1_442' title='bbox 592 4063 700 4103; x_wconf 88' lang='lat' dir='ltr'>cautum</span> <span class='ocrx_word' id='word_1_443' title='bbox 714 4049 785 4121; x_wconf 90' lang='lat' dir='ltr'>apud</span> <span class='ocrx_word' id='word_1_444' title='bbox 798 4051 903 4120; x_wconf 73' lang='lat' dir='ltr'>signs.-</span> <span class='ocrx_word' id='word_1_445' title='bbox 920 4046 1118 4101; x_wconf 77' lang='lat' dir='ltr'>Animadversio</span> <span class='ocrx_word' id='word_1_446' title='bbox 1134 4044 1248 4116; x_wconf 85' lang='lat' dir='ltr'>denique</span> 
     </span>
     <span class='ocr_line' id='line_1_44' title="bbox 198 4124 1250 4201; baseline -0.004 -23"><span class='ocrx_word' id='word_1_447' title='bbox 198 4143 394 4200; x_wconf 86' lang='lat' dir='ltr'>nonnunquam</span> <span class='ocrx_word' id='word_1_448' title='bbox 404 4141 431 4182; x_wconf 86' lang='lat' dir='ltr'>et</span> <span class='ocrx_word' id='word_1_449' title='bbox 444 4129 506 4181; x_wconf 93' lang='lat' dir='ltr'>illic.</span> <span class='ocrx_word' id='word_1_450' title='bbox 521 4131 678 4192; x_wconf 82' lang='lat' dir='ltr'>Frontinus,</span> <span class='ocrx_word' id='word_1_451' title='bbox 696 4131 808 4201; x_wconf 65' lang='lat' dir='ltr'>Stratag.</span> <span class='ocrx_word' id='word_1_452' title='bbox 822 4129 868 4181; x_wconf 90' lang='lat' dir='ltr'>lib.</span> <span class='ocrx_word' id='word_1_453' title='bbox 882 4131 925 4196; x_wconf 80' lang='grc' dir='ltr'>Ν,</span> <span class='ocrx_word' id='word_1_454' title='bbox 941 4147 963 4195; x_wconf 84' lang='grc' dir='ltr'>ι,</span> <span class='ocrx_word' id='word_1_455' title='bbox 982 4127 1027 4180; x_wconf 78' lang='grc' dir='ltr'>ι5ι</span> <span class='ocrx_word' id='word_1_456' title='bbox 1045 4124 1102 4175; x_wconf 76' lang='lat' dir='ltr'>sill.</span> <span class='ocrx_word' id='word_1_457' title='bbox 1116 4125 1182 4177; x_wconf 77' lang='lat' dir='ltr'>Cato</span> <span class='ocrx_word' id='word_1_458' title='bbox 1195 4143 1250 4174; x_wconf 90' lang='lat' dir='ltr'>me-</span> 
     </span>
     <span class='ocr_line' id='line_1_45' title="bbox 196 4203 1251 4283; baseline -0.003 -25"><span class='ocrx_word' id='word_1_459' title='bbox 196 4209 287 4259; x_wconf 77' lang='lat' dir='ltr'>morie</span> <span class='ocrx_word' id='word_1_460' title='bbox 302 4207 409 4260; x_wconf 89' lang='lat' dir='ltr'>tradidit</span> <span class='ocrx_word' id='word_1_461' title='bbox 428 4211 455 4260; x_wconf 89' lang='lat' dir='ltr'>in</span> <span class='ocrx_word' id='word_1_462' title='bbox 470 4211 541 4263; x_wconf 86' lang='lat' dir='ltr'>lurto</span> <span class='ocrx_word' id='word_1_463' title='bbox 557 4209 755 4283; x_wconf 84' lang='lat' dir='ltr'>comprehensis</span> <span class='ocrx_word' id='word_1_464' title='bbox 770 4209 875 4262; x_wconf 82' lang='lat' dir='ltr'>dextras</span> <span class='ocrx_word' id='word_1_465' title='bbox 890 4226 945 4262; x_wconf 89' lang='lat' dir='ltr'>esse</span> <span class='ocrx_word' id='word_1_466' title='bbox 961 4209 1097 4278; x_wconf 83' lang='lat' dir='ltr'>praecisas,</span> <span class='ocrx_word' id='word_1_467' title='bbox 1117 4218 1162 4257; x_wconf 85' lang='lat' dir='ltr'>aut</span> <span class='ocrx_word' id='word_1_468' title='bbox 1177 4206 1198 4256; x_wconf 91' lang='lat' dir='ltr'>si</span> <span class='ocrx_word' id='word_1_469' title='bbox 1213 4203 1251 4255; x_wconf 94' lang='lat' dir='ltr'>le-</span> 
     </span>
    </p>
   </div>
   <div class='ocr_carea' id='block_1_7' title="bbox 0 0 1659 5162">
    <p class='ocr_par' dir='ltr' id='par_1_7' title="bbox 0 0 1659 5162">
     <span class='ocr_line' id='line_1_46' title="bbox 0 0 1659 5162; baseline 0 0"><span class='ocrx_word' id='word_1_470' title='bbox 0 0 1659 5162; x_wconf 95' lang='lat' dir='ltr'> </span> 
     </span>
    </p>
   </div>
  </div>
 </body>
</html>
