3194 5156
606 549 748 614 uranu
774 548 800 612 1.
1163 547 1225 632 541

228 679 437 772 Respiciens;
451 673 589 771 quando
602 671 658 740 ille
670 674 798 742 hiemes
810 677 1020 768 tonitrusque
1032 691 1167 743 vocaret
1183 751 1186 756 ,

229 789 399 869 Nubibus,
412 785 589 879 igniferam
602 808 677 880 quae
690 783 831 853 fulmina
844 803 998 879 posceret
1010 791 1153 854 AEtnam.
1180 799 1231 871 49⁰

275 907 384 994 Atque
396 898 441 965 ibi
453 897 535 966 dum
546 901 650 965 mixta
664 895 776 964 vallati
788 896 887 989 plebe
898 921 1040 965 suorum

229 1018 271 1081 Et
283 1014 384 1079 maris
397 1029 430 1078 et
441 1009 520 1078 belli
533 1008 727 1078 consultant
738 1025 891 1102 tempora
902 1035 1014 1102 reges,

231 1125 438 1214 Increpitans
451 1145 575 1212 magno
589 1137 700 1188 vatem
711 1119 893 1205 Calchanta
904 1120 1069 1202 tumultu,

230 1233 433 1304 Protesilaus
445 1236 492 1302 ait
506 1260 513 1300 ε
528 1237 691 1328 (namque
703 1231 783 1300 huic
794 1231 919 1320 bellare
933 1231 1056 1325 cupido

218 1400 279 1470 489.
290 1399 684 1472 Quando.Forterectiusquas.
729 1397 886 1470 plerumque
905 1396 1109 1464 defenderetur,
1122 1404 1233 1454 maxime

219 1481 280 1550 490.
298 1482 333 1532 N.
347 1479 364 1530 i.
377 1475 562 1552 quoefirlmina
572 1490 687 1551 posceret
729 1498 887 1550 veroquam
902 1477 1062 1531 reddendam
1081 1479 1233 1551 Cryseidem

183 1559 305 1611 AEtaam:
318 1560 381 1630 lieg.
396 1560 415 1609 B
430 1558 542 1629 praebet,
554 1556 687 1630 quodsul-
730 1555 912 1628 persuaderet.
921 1555 1117 1627 Captademum
1126 1575 1156 1610 oo
1165 1577 1233 1612 ever·

183 1638 256 1690 mina
271 1649 384 1710 posceret
398 1639 511 1698 AEtaen,·
529 1639 591 1709 hag.
606 1637 627 1688 C
640 1655 686 1688 no-
731 1655 759 1688 sa
770 1637 864 1705 Troja,
879 1635 956 1688 tradit
972 1633 1101 1688 Hesiodus
1111 1655 1170 1688 eum
1183 1651 1235 1691 ter-

183 1729 263 1769 strsm
282 1717 341 1768 lect.
361 1719 407 1768 Eo.
420 1715 454 1756 -'-
466 1715 612 1791 [pulsarum
627 1734 686 1787 quoe
730 1717 806 1767 restri
823 1719 916 1767 itinere
937 1713 1121 1787 Colophonem
1137 1736 1233 1788 perre-

177 1792 299 1864 fulmina
310 1804 424 1865 posceret
447 1795 554 1846 latriam.
573 1797 641 1846 Nam
658 1795 685 1845 in
731 1797 816 1858 nisse,
829 1809 910 1864 atque
922 1794 958 1844 ibi
968 1796 1098 1845 invenisse
1108 1797 1233 1867 Mopsum

183 1873 260 1924 AEtna
276 1887 365 1924 monte
381 1872 472 1924 Sicilia
490 1873 609 1925 flammas
628 1893 687 1926 evo-
730 1873 930 1925 celeberrimum
940 1886 1040 1936 vatem,
1053 1876 1155 1926 toartis
1167 1879 1236 1947 peri-

183 1966 270 2004 mente
285 1951 411 2005 dicuntur
427 1953 556 2025 Cyclopes
573 1952 685 2006 lulminu
731 1953 765 2002 tia
780 1949 950 2003 Calchantem
963 1949 997 2002 ab
1012 1968 1043 2001 eo
1057 1953 1153 2004 victum
1166 1973 1234 2006 mos·

182 2033 242 2082 lovi
256 2032 396 2084 fabricare.
730 2049 790 2082 rore
798 2043 931 2082 mortuum
939 2049 1010 2094 esse,
1018 2029 1088 2100 quod
1096 2036 1235 2103 proposita

220 2112 280 2182 ⁴9²·
294 2112 449 2165 Consultant
463 2124 586 2186 tempora.
597 2112 685 2178 Meet,
731 2109 780 2163 sibi
799 2129 813 2162 a
833 2111 929 2181 Mopso
953 2110 1091 2179 caprifico,
1109 2123 1136 2162 ut
1154 2114 1235 2166 refert

184 2190 326 2244 consilium
345 2193 456 2264 rapiunt
473 2192 506 2244 de
521 2206 640 2263 tempore
660 2204 686 2244 et
731 2189 1235 2267 Hesiodtrs,velutPlrereoidessnovult,

184 2273 359 2340 navigationis
370 2284 393 2322 et
407 2270 468 2323 belli
482 2271 600 2341 gerendi.
614 2273 684 2323 anr.
731 2290 778 2323 sue
789 2269 910 2341 gravida,
923 2270 1011 2322 dicere
1024 2289 1077 2322 non
1089 2274 1234 2342 potuisset,

221 2351 282 2420 493.
303 2351 455 2406 Calchanta.
473 2350 583 2404 Calchas
597 2351 686 2420 Trojs·
732 2363 799 2420 quot
817 2351 843 2400 in
865 2349 909 2401 ills
930 2348 995 2402 ficus
1017 2363 1115 2416 essent,
1138 2367 1235 2422 quotve

185 2449 250 2496 nus,
260 2431 398 2484 Thestoris
414 2430 497 2493 lilius,
513 2449 598 2500 augur
609 2432 688 2482 masi·
732 2428 788 2482 haee
802 2443 878 2482 utero
898 2429 1002 2480 suculas
1015 2443 1129 2501 gestaret
1142 2452 1148 2482 ι
1163 2434 1235 2505 quod

185 2531 255 2577 mus,
267 2515 311 2585 qui
320 2531 400 2581 quum
412 2514 482 2563 circa
495 2513 567 2563 initia
577 2513 687 2581 Trojani
733 2523 820 2562 tamen
831 2509 942 2579 Mopsus
952 2511 1007 2562 sine
1015 2508 1069 2560 ullo
1078 2529 1165 2564 errore
1172 2512 1236 2564 divi·
1297 2550 1301 2557 -

184 2590 249 2644 belli
274 2590 307 2643 nd
333 2589 523 2644 consulendum
549 2592 687 2644 oraculum
732 2586 1235 2662 navitsseCalchantevidepluraspud

185 2667 306 2739 Delphos
326 2672 420 2722 missus
435 2684 502 2721 esset
518 2687 534 2720 a
549 2669 686 2740 Trojanis,
732 2669 874 2718 Homerum
885 2665 958 2718 lliad.
968 2669 1125 2742 l.—Mapno
1136 2672 1235 2724 tumul-

186 2767 399 2818 rssponsumqne
416 2751 576 2819 accepisset,
594 2764 636 2814 ut,
649 2769 687 2802 re·
732 2749 836 2799 navist
846 2745 930 2800 verbis
943 2745 1236 2806 mixtis.Alluditadilla

186 2826 255 2880 lictis
266 2828 400 2895 Trojauis,
416 2827 560 2880 adhaereret
574 2830 687 2894 Grecis,
731 2829 863 2894 Maronis,
882 2829 941 2878 AEn.
960 2829 996 2892 ll,
1010 2844 1067 2880 122.
1086 2832 1153 2882 «nic
1169 2832 1235 2886 ltlra·

187 2906 221 2958 sd
239 2926 285 2958 eos
304 2906 426 2968 descivit;
444 2921 469 2958 et
486 2909 610 2978 quoniam
626 2907 688 2958 divi·
733 2926 780 2959 cus
803 2921 889 2958 vatem
911 2925 1006 2976 magno
1027 2906 1169 2962 Calchanta
1190 2925 1235 2968 tu·
1292 2909 1294 2916 ¹

186 2986 267 3038 nandi
276 2997 331 3036 srte
342 2984 484 3055 plurimum
495 2985 620 3054 polleret,
630 2987 687 3056 ejus
733 2985 819 3037 multu
828 2984 957 3037 Protrahit
969 2988 996 3036 in
1003 2983 1113 3040 medios.

187 3065 303 3117 consiliis
317 3065 399 3115 mults
421 3077 493 3132 gesta
516 3080 585 3115 suot.
599 3065 688 3132 Quum
769 3067 829 3136 494.
846 3066 1004 3120 Protesilaus
1020 3069 1066 3120 ait.
1085 3071 1147 3139 hiep.
1161 3072 1180 3122 ll
1192 3091 1236 3126 ει.

188 3148 257 3198 enim
272 3147 298 3198 in
319 3145 413 3196 Aulide
428 3144 518 3196 classis
537 3147 688 3198 Graecorum
732 3146 821 3214 hibet,
833 3147 991 3200 Protesilaus
1001 3148 1070 3220 “9515
1081 3149 1144 3221 hiep.
1156 3151 1177 3204 C
1189 3173 1237 3206 no.

188 3223 310 3277 sdversos
323 3238 416 3274 ventos
428 3222 551 3290 haberet,
569 3238 595 3275 et
612 3226 689 3294 pesti·
734 3241 813 3278 stram
824 3224 884 3277 lect.
900 3226 945 3277 Eo.
956 3227 1162 3282 -Protesilaus
1175 3228 1237 3285 Pro'·

187 3303 268 3356 lentis
285 3303 419 3354 laboraret
434 3304 580 3368 exercitus,
598 3303 689 3356 doruit
733 3303 840 3357 tesilans
854 3303 945 3376 lphicli
961 3303 1042 3372 lilius,
1057 3326 1125 3360 unus
1139 3329 1153 3360 e
1165 3331 1235 3381 prro.

187 3385 413 3453 Agamemnonem
442 3383 569 3433 rationem
598 3381 688 3434 Dianas
734 3387 818 3455 oipuis
839 3383 1082 3456 Graeoorum‚qui,
1096 3394 1235 3446 contemtis

188 3467 344 3534 mitigandae.
353 3465 385 3513 Et
393 3481 423 3513 ex
432 3463 559 3533 serpentis
568 3463 689 3531 augurio,
734 3463 1144 3534 omnibusoraculis,quibussibi
1151 3471 1236 3540 primo

188 3547 234 3618 qni
245 3545 336 3597 decem
346 3542 433 3614 pullos
443 3545 556 3614 passeris
566 3561 618 3595 una
628 3562 688 3596 cum
734 3544 899 3616 pereundum
906 3547 996 3598 esseio
1009 3545 1079 3599 bello
1087 3549 1203 3617 Trojano
1214 3555 1237 3606 si

187 3641 270 3678 matre
279 3624 462 3686 devoraverat,
472 3622 575 3674 decimo
583 3622 689 3674 tandem
734 3643 767 3676 eo
785 3625 848 3690 iret,
859 3624 1058 3694 prediceretur,
1070 3640 1147 3678 tantas
1159 3648 1237 3701 expe-

189 3721 258 3754 anno
271 3702 347 3754 llium
360 3713 537 3771 expugnatum
550 3700 581 3751 iri
593 3698 691 3751 divina·
735 3701 829 3754 ditioni
846 3701 935 3755 deesse
950 3703 1049 3768 noluit,
1067 3721 1098 3755 ao
1110 3723 1161 3758 uns
1175 3727 1236 3763 eum

187 3785 232 3835 rit.
251 3783 315 3834 Orta
335 3779 431 3832 deindo
450 3782 522 3849 gravi
543 3779 689 3850 pestilentia
736 3783 834 3833 catoris
851 3781 964 3834 ducibus
981 3801 1012 3832 eo
1032 3782 1166 3853 profectus
1178 3801 1235 3842 est:

188 3863 214 3912 in
226 3864 318 3912 castris
328 3861 478 3912 Graecorum
488 3859 522 3912 ob
535 3861 690 3926 denegatum
734 3863 1237 3932 verumquurnprimusenasiinterram

188 3938 689 4011 patriCryseidetn,vismostenditque
736 3955 855 4008 egressus
878 3939 985 4003 luisset,
1002 3954 1027 3990 et
1052 3942 1078 3991 in
1099 3943 1237 4000 Hectorem

188 4015 691 4089 placaripossatApollo.Quamobrem
735 4018 887 4086 incidisset,
912 4021 1011 4091 primus
1028 4021 1105 4071 etiam
1119 4028 1237 4082 omnium

190 4096 260 4168 apud
272 4112 380 4149 steteras
388 4097 690 4167 duoes,prarcipnevero
736 4099 887 4149 Graecorum
897 4098 985 4150 abillo
995 4101 1098 4152 occisus
1107 4116 1146 4154 est
1154 4126 1159 4154 :
1167 4106 1239 4160 unde

190 4174 262 4248 apud
274 4175 418 4239 Achillem,
435 4179 462 4228 in
474 4178 589 4228 maxituo
604 4179 690 4247 pretio
736 4181 859 4249 sequenti
868 4197 944 4231 versu
953 4179 1016 4232 dicit
1025 4183 1119 4248 Poeta,
1130 4204 1141 4228 ι
1153 4197 1177 4234 et
1189 4189 1240 4256 pri·

189 4253 294 4307 hsbitus
307 4255 370 4320 fuit,
381 4254 448 4307 adeo
461 4269 490 4306 ut
502 4257 558 4324 ejus
567 4254 690 4326 praesidio
737 4275 784 4308 ma
796 4259 851 4327 jam
862 4269 925 4310 tunc
936 4257 998 4310 data
1016 4260 1095 4330 copia
1108 4264 1206 4316 mortis.
1224 4290 1236 4314 ι
