<?xml version="1.0" encoding="UTF-8"?>
<!DOCTYPE html PUBLIC "-//W3C//DTD XHTML 1.0 Transitional//EN"
    "http://www.w3.org/TR/xhtml1/DTD/xhtml1-transitional.dtd">
<html xmlns="http://www.w3.org/1999/xhtml" xml:lang="en" lang="en">
 <head>
  <title>
</title>
<meta http-equiv="Content-Type" content="text/html;charset=utf-8" />
  <meta name='ocr-system' content='tesseract 3.04.00' />
  <meta name='ocr-capabilities' content='ocr_page ocr_carea ocr_par ocr_line ocrx_word'/>
</head>
<body>
  <div class='ocr_page' id='page_1' title='image "./libriquinquesil00statgoog_0542.png"; bbox 0 0 3194 5156; ppageno 0'>
   <div class='ocr_carea' id='block_1_1' title="bbox 578 557 1201 626">
    <p class='ocr_par' dir='ltr' id='par_1_1' title="bbox 578 557 1201 626">
     <span class='ocr_line' id='line_1_1' title="bbox 578 557 1201 626; baseline 0.005 -3"><span class='ocrx_word' id='word_1_1' title='bbox 578 559 722 624; x_wconf 84' lang='lat' dir='ltr'>LIBER</span> <span class='ocrx_word' id='word_1_2' title='bbox 746 560 772 623; x_wconf 91' lang='lat'><strong>1.</strong></span> <span class='ocrx_word' id='word_1_3' title='bbox 1136 557 1201 626; x_wconf 78' lang='lat'><strong>535</strong></span> 
     </span>
    </p>
   </div>
   <div class='ocr_carea' id='block_1_2' title="bbox 86 681 1204 2004">
    <p class='ocr_par' dir='ltr' id='par_1_2' title="bbox 86 681 1204 2004">
     <span class='ocr_line' id='line_1_2' title="bbox 197 681 1202 776; baseline -0.003 -20"><span class='ocrx_word' id='word_1_4' title='bbox 197 689 337 769; x_wconf 86' lang='lat' dir='ltr'><strong>Attritu,</strong></span> <span class='ocrx_word' id='word_1_5' title='bbox 355 700 389 753; x_wconf 90' lang='lat' dir='ltr'><strong>et</strong></span> <span class='ocrx_word' id='word_1_6' title='bbox 404 686 509 776; x_wconf 81' lang='lat' dir='ltr'><strong>nigris</strong></span> <span class='ocrx_word' id='word_1_7' title='bbox 523 681 655 751; x_wconf 86' lang='lat' dir='ltr'><strong>addunt</strong></span> <span class='ocrx_word' id='word_1_8' title='bbox 667 683 885 752; x_wconf 84' lang='lat' dir='ltr'><strong>mucronibus</strong></span> <span class='ocrx_word' id='word_1_9' title='bbox 898 687 975 756; x_wconf 88' lang='lat' dir='ltr'><strong>iras.</strong></span> <span class='ocrx_word' id='word_1_10' title='bbox 1150 699 1202 768; x_wconf 83' lang='grc'><strong>435</strong></span> 
     </span>
     <span class='ocr_line' id='line_1_3' title="bbox 197 793 1150 890; baseline -0.002 -22"><span class='ocrx_word' id='word_1_11' title='bbox 197 806 266 868; x_wconf 87' lang='lat' dir='ltr'><strong>Nec</strong></span> <span class='ocrx_word' id='word_1_12' title='bbox 278 798 416 879; x_wconf 91' lang='lat' dir='ltr'><strong>modus,</strong></span> <span class='ocrx_word' id='word_1_13' title='bbox 429 812 488 864; x_wconf 90' lang='lat' dir='ltr'><strong>aut</strong></span> <span class='ocrx_word' id='word_1_14' title='bbox 500 819 599 864; x_wconf 83' lang='lat' dir='ltr'><strong>arcus</strong></span> <span class='ocrx_word' id='word_1_15' title='bbox 614 793 757 877; x_wconf 87' lang='lat' dir='ltr'><strong>lentare,</strong></span> <span class='ocrx_word' id='word_1_16' title='bbox 770 814 829 864; x_wconf 88' lang='lat' dir='ltr'><strong>aut</strong></span> <span class='ocrx_word' id='word_1_17' title='bbox 839 795 981 864; x_wconf 82' lang='lat' dir='ltr'><strong>fundere</strong></span> <span class='ocrx_word' id='word_1_18' title='bbox 994 795 1150 890; x_wconf 75' lang='lat' dir='ltr'><strong>glandes,</strong></span> 
     </span>
     <span class='ocr_line' id='line_1_4' title="bbox 198 905 1006 1003; baseline -0.001 -26"><span class='ocrx_word' id='word_1_19' title='bbox 198 917 265 977; x_wconf 83' lang='lat' dir='ltr'><strong>hut</strong></span> <span class='ocrx_word' id='word_1_20' title='bbox 275 927 403 978; x_wconf 86' lang='lat' dir='ltr'><strong>torrere</strong></span> <span class='ocrx_word' id='word_1_21' title='bbox 418 905 532 988; x_wconf 86' lang='lat' dir='ltr'><strong>sudes,</strong></span> <span class='ocrx_word' id='word_1_22' title='bbox 546 906 726 1003; x_wconf 77' lang='lat' dir='ltr'>galeasque</span> <span class='ocrx_word' id='word_1_23' title='bbox 737 907 890 976; x_wconf 81' lang='lat' dir='ltr'>attollere</span> <span class='ocrx_word' id='word_1_24' title='bbox 902 912 1006 976; x_wconf 90' lang='lat' dir='ltr'><strong>conis.</strong></span> 
     </span>
     <span class='ocr_line' id='line_1_5' title="bbox 86 1017 1097 1117; baseline 0.002 -29"><span class='ocrx_word' id='word_1_25' title='bbox 86 1017 87 1022; x_wconf 60' lang='grc'>’</span> <span class='ocrx_word' id='word_1_26' title='bbox 199 1027 268 1089; x_wconf 91' lang='lat' dir='ltr'><strong>Hos</strong></span> <span class='ocrx_word' id='word_1_27' title='bbox 281 1025 368 1089; x_wconf 91' lang='lat' dir='ltr'><strong>inter</strong></span> <span class='ocrx_word' id='word_1_28' title='bbox 382 1033 497 1090; x_wconf 86' lang='lat' dir='ltr'><strong>motus</strong></span> <span class='ocrx_word' id='word_1_29' title='bbox 510 1024 641 1113; x_wconf 78' lang='lat' dir='ltr'>pigram</span> <span class='ocrx_word' id='word_1_30' title='bbox 653 1023 759 1113; x_wconf 78' lang='lat' dir='ltr'><strong>gemit</strong></span> <span class='ocrx_word' id='word_1_31' title='bbox 770 1045 829 1090; x_wconf 89' lang='lat' dir='ltr'><strong>ora</strong></span> <span class='ocrx_word' id='word_1_32' title='bbox 841 1024 990 1117; x_wconf 88' lang='lat' dir='ltr'><strong>quietem</strong></span> <span class='ocrx_word' id='word_1_33' title='bbox 1092 1035 1097 1048; x_wconf 98' lang='grc'><strong><em>’</em></strong></span> 
     </span>
     <span class='ocr_line' id='line_1_6' title="bbox 198 1131 982 1227; baseline 0.003 -29"><span class='ocrx_word' id='word_1_34' title='bbox 198 1131 385 1213; x_wconf 84' lang='lat' dir='ltr'><strong>Thessalis,</strong></span> <span class='ocrx_word' id='word_1_35' title='bbox 399 1149 433 1199; x_wconf 91' lang='lat' dir='ltr'><strong>et</strong></span> <span class='ocrx_word' id='word_1_36' title='bbox 444 1135 585 1224; x_wconf 79' lang='lat' dir='ltr'><strong>geminis</strong></span> <span class='ocrx_word' id='word_1_37' title='bbox 597 1135 730 1200; x_wconf 91' lang='lat' dir='ltr'><strong>incusat</strong></span> <span class='ocrx_word' id='word_1_38' title='bbox 742 1133 809 1202; x_wconf 77' lang='lat' dir='ltr'><strong>fata</strong></span> <span class='ocrx_word' id='word_1_39' title='bbox 820 1131 982 1227; x_wconf 77' lang='lat' dir='ltr'><strong>querelis,</strong></span> 
     </span>
     <span class='ocr_line' id='line_1_7' title="bbox 199 1241 1204 1328; baseline 0.001 -19"><span class='ocrx_word' id='word_1_40' title='bbox 199 1241 295 1328; x_wconf 89' lang='lat' dir='ltr'><strong>Quod</strong></span> <span class='ocrx_word' id='word_1_41' title='bbox 310 1244 422 1310; x_wconf 88' lang='lat' dir='ltr'><strong>senior</strong></span> <span class='ocrx_word' id='word_1_42' title='bbox 435 1241 568 1322; x_wconf 84' lang='lat' dir='ltr'><strong>Peleus,</strong></span> <span class='ocrx_word' id='word_1_43' title='bbox 582 1265 645 1310; x_wconf 90' lang='lat' dir='ltr'><strong>nec</strong></span> <span class='ocrx_word' id='word_1_44' title='bbox 656 1241 768 1313; x_wconf 88' lang='lat' dir='ltr'><strong>adhuc</strong></span> <span class='ocrx_word' id='word_1_45' title='bbox 780 1259 932 1310; x_wconf 89' lang='lat' dir='ltr'><strong>maturus</strong></span> <span class='ocrx_word' id='word_1_46' title='bbox 944 1241 1100 1310; x_wconf 81' lang='lat' dir='ltr'><strong>Achillea.</strong></span> <span class='ocrx_word' id='word_1_47' title='bbox 1150 1255 1204 1324; x_wconf 87' lang='grc' dir='ltr'><strong>44ο</strong></span> 
     </span>
     <span class='ocr_line' id='line_1_8' title="bbox 245 1351 1145 1448; baseline 0.006 -30"><span class='ocrx_word' id='word_1_48' title='bbox 245 1357 320 1419; x_wconf 88' lang='lat' dir='ltr'><strong>Jam</strong></span> <span class='ocrx_word' id='word_1_49' title='bbox 334 1351 465 1445; x_wconf 90' lang='lat' dir='ltr'><strong>Pelopis</strong></span> <span class='ocrx_word' id='word_1_50' title='bbox 477 1368 584 1420; x_wconf 87' lang='lat' dir='ltr'><strong>terras</strong></span> <span class='ocrx_word' id='word_1_51' title='bbox 596 1355 804 1448; x_wconf 83' lang='lat' dir='ltr'><strong>Graiumque</strong></span> <span class='ocrx_word' id='word_1_52' title='bbox 816 1354 1016 1422; x_wconf 81' lang='lat' dir='ltr'><strong>exhauserat</strong></span> <span class='ocrx_word' id='word_1_53' title='bbox 1028 1355 1145 1423; x_wconf 91' lang='lat' dir='ltr'><strong>orbem</strong></span> 
     </span>
     <span class='ocr_line' id='line_1_9' title="bbox 199 1465 1059 1560; baseline 0.005 -32"><span class='ocrx_word' id='word_1_54' title='bbox 199 1465 414 1555; x_wconf 86' lang='lat' dir='ltr'><strong>Praecipitans</strong></span> <span class='ocrx_word' id='word_1_55' title='bbox 426 1465 460 1530; x_wconf 92' lang='lat' dir='ltr'><strong>in</strong></span> <span class='ocrx_word' id='word_1_56' title='bbox 472 1479 618 1530; x_wconf 89' lang='lat' dir='ltr'><strong>transtra</strong></span> <span class='ocrx_word' id='word_1_57' title='bbox 630 1465 720 1532; x_wconf 89' lang='lat' dir='ltr'><strong>viros</strong></span> <span class='ocrx_word' id='word_1_58' title='bbox 733 1468 872 1532; x_wconf 87' lang='lat' dir='ltr'><strong>insanus</strong></span> <span class='ocrx_word' id='word_1_59' title='bbox 885 1488 1059 1560; x_wconf 88' lang='lat' dir='ltr'><strong>equosque</strong></span> 
     </span>
     <span class='ocr_line' id='line_1_10' title="bbox 198 1572 1016 1666; baseline 0.004 -27"><span class='ocrx_word' id='word_1_60' title='bbox 198 1572 417 1664; x_wconf 83' lang='lat' dir='ltr'><strong>Bellipotens:</strong></span> <span class='ocrx_word' id='word_1_61' title='bbox 431 1574 563 1642; x_wconf 85' lang='lat' dir='ltr'><strong>fervent</strong></span> <span class='ocrx_word' id='word_1_62' title='bbox 574 1591 709 1666; x_wconf 91' lang='lat' dir='ltr'><strong>portus,</strong></span> <span class='ocrx_word' id='word_1_63' title='bbox 723 1591 757 1641; x_wconf 92' lang='lat' dir='ltr'><strong>et</strong></span> <span class='ocrx_word' id='word_1_64' title='bbox 767 1591 882 1666; x_wconf 89' lang='lat' dir='ltr'><strong>operta</strong></span> <span class='ocrx_word' id='word_1_65' title='bbox 895 1576 1016 1642; x_wconf 88' lang='lat' dir='ltr'><strong>carinis</strong></span> 
     </span>
     <span class='ocr_line' id='line_1_11' title="bbox 199 1681 1116 1778; baseline 0 -28"><span class='ocrx_word' id='word_1_66' title='bbox 199 1684 337 1774; x_wconf 77' lang='lat' dir='ltr'><strong>Stagna,</strong></span> <span class='ocrx_word' id='word_1_67' title='bbox 352 1707 498 1778; x_wconf 89' lang='lat' dir='ltr'><strong>suasque</strong></span> <span class='ocrx_word' id='word_1_68' title='bbox 510 1683 639 1750; x_wconf 87' lang='lat' dir='ltr'><strong>hiemes</strong></span> <span class='ocrx_word' id='word_1_69' title='bbox 651 1681 767 1751; x_wconf 89' lang='lat' dir='ltr'><strong>classis</strong></span> <span class='ocrx_word' id='word_1_70' title='bbox 782 1701 953 1777; x_wconf 69' lang='lat' dir='ltr'><strong>promota,</strong></span> <span class='ocrx_word' id='word_1_71' title='bbox 969 1706 1116 1778; x_wconf 91' lang='lat' dir='ltr'><strong>suosque</strong></span> 
     </span>
     <span class='ocr_line' id='line_1_12' title="bbox 199 1792 1000 1889; baseline 0.001 -29"><span class='ocrx_word' id='word_1_72' title='bbox 199 1793 328 1860; x_wconf 81' lang='lat' dir='ltr'><strong>suottir</strong></span> <span class='ocrx_word' id='word_1_73' title='bbox 339 1792 463 1861; x_wconf 89' lang='lat' dir='ltr'><strong>fluctus</strong></span> <span class='ocrx_word' id='word_1_74' title='bbox 474 1821 481 1861; x_wconf 93' lang='lat'>:</span> <span class='ocrx_word' id='word_1_75' title='bbox 493 1796 604 1888; x_wconf 90' lang='lat' dir='ltr'><strong>ipsum</strong></span> <span class='ocrx_word' id='word_1_76' title='bbox 614 1793 684 1887; x_wconf 86' lang='lat' dir='ltr'><strong>jam</strong></span> <span class='ocrx_word' id='word_1_77' title='bbox 698 1795 870 1887; x_wconf 87' lang='lat' dir='ltr'><strong>puppibus</strong></span> <span class='ocrx_word' id='word_1_78' title='bbox 882 1819 1000 1889; x_wconf 84' lang='lat' dir='ltr'><strong>aequor</strong></span> 
     </span>
     <span class='ocr_line' id='line_1_13' title="bbox 199 1903 987 2004; baseline 0.005 -36"><span class='ocrx_word' id='word_1_79' title='bbox 199 1903 333 1986; x_wconf 89' lang='lat' dir='ltr'><strong>Deficit,</strong></span> <span class='ocrx_word' id='word_1_80' title='bbox 347 1918 380 1971; x_wconf 90' lang='lat' dir='ltr'><strong>et</strong></span> <span class='ocrx_word' id='word_1_81' title='bbox 391 1920 479 1971; x_wconf 90' lang='lat' dir='ltr'><strong>totos</strong></span> <span class='ocrx_word' id='word_1_82' title='bbox 491 1921 697 1973; x_wconf 89' lang='lat' dir='ltr'><strong>consumunt</strong></span> <span class='ocrx_word' id='word_1_83' title='bbox 708 1905 847 2004; x_wconf 84' lang='lat' dir='ltr'><strong>carbasa</strong></span> <span class='ocrx_word' id='word_1_84' title='bbox 860 1923 987 1974; x_wconf 86' lang='lat' dir='ltr'><strong>ventos.</strong></span> 
     </span>
    </p>
   </div>
   <div class='ocr_carea' id='block_1_3' title="bbox 152 2122 1242 3786">
    <p class='ocr_par' dir='ltr' id='par_1_3' title="bbox 152 2122 1242 3786">
     <span class='ocr_line' id='line_1_14' title="bbox 153 2122 1242 2197; baseline 0.003 -23"><span class='ocrx_word' id='word_1_85' title='bbox 153 2122 229 2176; x_wconf 85' lang='lat' dir='ltr'><strong>Molae</strong></span> <span class='ocrx_word' id='word_1_86' title='bbox 254 2126 323 2176; x_wconf 89' lang='lat' dir='ltr'><strong>enim</strong></span> <span class='ocrx_word' id='word_1_87' title='bbox 346 2136 372 2176; x_wconf 84' lang='lat' dir='ltr'><strong>et</strong></span> <span class='ocrx_word' id='word_1_88' title='bbox 394 2137 468 2176; x_wconf 89' lang='lat' dir='ltr'><strong>cotes</strong></span> <span class='ocrx_word' id='word_1_89' title='bbox 492 2136 656 2192; x_wconf 87' lang='lat' dir='ltr'><strong>atteruntur,</strong></span> <span class='ocrx_word' id='word_1_90' title='bbox 703 2127 753 2196; x_wconf 86' lang='lat'><strong>193</strong></span> <span class='ocrx_word' id='word_1_91' title='bbox 767 2131 870 2197; x_wconf 81' lang='lat' dir='ltr'><strong>etat3,</strong></span> <span class='ocrx_word' id='word_1_92' title='bbox 885 2128 1056 2180; x_wconf 82' lang='lat' dir='ltr'><strong>tomlStat.</strong></span> <span class='ocrx_word' id='word_1_93' title='bbox 1071 2139 1141 2179; x_wconf 89' lang='lat' dir='ltr'><strong>nost.</strong></span> <span class='ocrx_word' id='word_1_94' title='bbox 1156 2127 1204 2178; x_wconf 81' lang='lat' dir='ltr'><strong>Eo.</strong></span> <span class='ocrx_word' id='word_1_95' title='bbox 1240 2159 1242 2164; x_wconf 84' lang='lat'><em>·</em></span> 
     </span>
     <span class='ocr_line' id='line_1_15' title="bbox 153 2203 1206 2277; baseline 0.005 -23"><span class='ocrx_word' id='word_1_96' title='bbox 153 2203 215 2254; x_wconf 86' lang='lat' dir='ltr'><strong>dum</strong></span> <span class='ocrx_word' id='word_1_97' title='bbox 232 2217 364 2257; x_wconf 87' lang='lat' dir='ltr'><strong>acuuntur</strong></span> <span class='ocrx_word' id='word_1_98' title='bbox 374 2205 464 2277; x_wconf 75' lang='lat' dir='ltr'><strong>gladii.</strong></span> <span class='ocrx_word' id='word_1_99' title='bbox 737 2207 796 2276; x_wconf 85' lang='grc'>439.</span> <span class='ocrx_word' id='word_1_100' title='bbox 819 2207 954 2260; x_wconf 80' lang='lat' dir='ltr'><strong>Thessalis.</strong></span> <span class='ocrx_word' id='word_1_101' title='bbox 973 2209 1036 2276; x_wconf 75' lang='lat' dir='ltr'><strong>Reg.</strong></span> <span class='ocrx_word' id='word_1_102' title='bbox 1055 2205 1206 2274; x_wconf 75' lang='lat' dir='ltr'><strong>Bpraebet,</strong></span> 
     </span>
     <span class='ocr_line' id='line_1_16' title="bbox 169 2285 1204 2360; baseline -0.004 -18"><span class='ocrx_word' id='word_1_103' title='bbox 169 2328 172 2342; x_wconf 88' lang='grc'>.</span> <span class='ocrx_word' id='word_1_104' title='bbox 189 2285 250 2351; x_wconf 82' lang='grc'>435.</span> <span class='ocrx_word' id='word_1_105' title='bbox 261 2289 291 2340; x_wconf 84' lang='grc' dir='ltr'><em>Ν</em></span> <span class='ocrx_word' id='word_1_106' title='bbox 292 2288 358 2360; x_wconf 70' lang='lat' dir='ltr'><strong>ipris.</strong></span> <span class='ocrx_word' id='word_1_107' title='bbox 368 2289 419 2339; x_wconf 81' lang='lat' dir='ltr'><strong>Aut</strong></span> <span class='ocrx_word' id='word_1_108' title='bbox 432 2289 585 2354; x_wconf 76' lang='lat' dir='ltr'><strong>mortiferis,</strong></span> <span class='ocrx_word' id='word_1_109' title='bbox 597 2301 655 2352; x_wconf 83' lang='lat' dir='ltr'><strong>aut,</strong></span> <span class='ocrx_word' id='word_1_110' title='bbox 702 2285 849 2348; x_wconf 82' lang='lat' dir='ltr'><strong>Tlrersulia,·</strong></span> <span class='ocrx_word' id='word_1_111' title='bbox 857 2289 920 2358; x_wconf 73' lang='lat' dir='ltr'><strong>lleq.</strong></span> <span class='ocrx_word' id='word_1_112' title='bbox 929 2288 1074 2338; x_wconf 88' lang='lat' dir='ltr'><strong>Cnostram</strong></span> <span class='ocrx_word' id='word_1_113' title='bbox 1087 2285 1146 2338; x_wconf 86' lang='lat' dir='ltr'><strong>lect.</strong></span> <span class='ocrx_word' id='word_1_114' title='bbox 1155 2287 1204 2338; x_wconf 86' lang='lat' dir='ltr'><strong>En.</strong></span> 
     </span>
     <span class='ocr_line' id='line_1_17' title="bbox 155 2363 1206 2439; baseline 0.001 -23"><span class='ocrx_word' id='word_1_115' title='bbox 155 2365 226 2436; x_wconf 85' lang='lat' dir='ltr'><strong>quod</strong></span> <span class='ocrx_word' id='word_1_116' title='bbox 236 2368 318 2436; x_wconf 73' lang='lat' dir='ltr'><strong>magis</strong></span> <span class='ocrx_word' id='word_1_117' title='bbox 330 2365 431 2437; x_wconf 89' lang='lat' dir='ltr'><strong>placet,</strong></span> <span class='ocrx_word' id='word_1_118' title='bbox 445 2369 525 2437; x_wconf 68' lang='lat' dir='ltr'><strong>nigris</strong></span> <span class='ocrx_word' id='word_1_119' title='bbox 538 2379 657 2438; x_wconf 89' lang='lat' dir='ltr'><strong>antepo·</strong></span> <span class='ocrx_word' id='word_1_120' title='bbox 736 2363 798 2432; x_wconf 77' lang='grc'>441.</span> <span class='ocrx_word' id='word_1_121' title='bbox 813 2364 919 2439; x_wconf 80' lang='lat' dir='ltr'><strong>Pelopis</strong></span> <span class='ocrx_word' id='word_1_122' title='bbox 935 2377 1020 2418; x_wconf 79' lang='lat' dir='ltr'><strong>terras.</strong></span> <span class='ocrx_word' id='word_1_123' title='bbox 1038 2365 1206 2438; x_wconf 84' lang='lat' dir='ltr'><strong>Peloponue-</strong></span> 
     </span>
     <span class='ocr_line' id='line_1_18' title="bbox 153 2443 1206 2519; baseline 0.004 -26"><span class='ocrx_word' id='word_1_124' title='bbox 153 2443 279 2496; x_wconf 86' lang='lat' dir='ltr'><strong>litionem.</strong></span> <span class='ocrx_word' id='word_1_125' title='bbox 300 2445 405 2498; x_wconf 78' lang='lat' dir='ltr'><strong>Marus.</strong></span> <span class='ocrx_word' id='word_1_126' title='bbox 421 2447 504 2496; x_wconf 87' lang='lat' dir='ltr'><strong>-Ut</strong></span> <span class='ocrx_word' id='word_1_127' title='bbox 522 2446 593 2518; x_wconf 86' lang='lat' dir='ltr'><strong>apud</strong></span> <span class='ocrx_word' id='word_1_128' title='bbox 610 2444 654 2498; x_wconf 90' lang='lat' dir='ltr'><strong>Sil.</strong></span> <span class='ocrx_word' id='word_1_129' title='bbox 701 2465 773 2513; x_wconf 84' lang='lat' dir='ltr'><strong>sum,</strong></span> <span class='ocrx_word' id='word_1_130' title='bbox 797 2465 812 2498; x_wconf 84' lang='lat' dir='ltr'><strong>a</strong></span> <span class='ocrx_word' id='word_1_131' title='bbox 834 2447 930 2519; x_wconf 84' lang='lat' dir='ltr'><strong>Pelope</strong></span> <span class='ocrx_word' id='word_1_132' title='bbox 954 2449 993 2500; x_wconf 86' lang='lat' dir='ltr'><strong>sie</strong></span> <span class='ocrx_word' id='word_1_133' title='bbox 1016 2459 1148 2500; x_wconf 84' lang='lat' dir='ltr'><strong>vocatum.</strong></span> <span class='ocrx_word' id='word_1_134' title='bbox 1168 2475 1206 2486; x_wconf 90' lang='lat'>-</span> 
     </span>
     <span class='ocr_line' id='line_1_19' title="bbox 153 2523 1070 2590; baseline 0.002 -16"><span class='ocrx_word' id='word_1_135' title='bbox 153 2523 209 2576; x_wconf 90' lang='lat' dir='ltr'><strong>ltal.</strong></span> <span class='ocrx_word' id='word_1_136' title='bbox 228 2527 318 2576; x_wconf 85' lang='lat' dir='ltr'><strong>Punic.</strong></span> <span class='ocrx_word' id='word_1_137' title='bbox 336 2523 476 2590; x_wconf 74' lang='grc' dir='ltr'>ν11,344.</span> <span class='ocrx_word' id='word_1_138' title='bbox 497 2526 657 2576; x_wconf 69' lang='lat' dir='ltr'><strong>«uirentem-</strong></span> <span class='ocrx_word' id='word_1_139' title='bbox 704 2527 812 2578; x_wconf 82' lang='lat' dir='ltr'><strong>Graium</strong></span> <span class='ocrx_word' id='word_1_140' title='bbox 827 2527 920 2578; x_wconf 82' lang='lat' dir='ltr'><strong>orbem.</strong></span> <span class='ocrx_word' id='word_1_141' title='bbox 934 2527 1070 2578; x_wconf 77' lang='lat' dir='ltr'><strong>Crucium.</strong></span> 
     </span>
     <span class='ocr_line' id='line_1_20' title="bbox 154 2603 1207 2678; baseline 0 -24"><span class='ocrx_word' id='word_1_142' title='bbox 154 2621 206 2674; x_wconf 91' lang='lat' dir='ltr'><strong>que</strong></span> <span class='ocrx_word' id='word_1_143' title='bbox 224 2623 344 2656; x_wconf 86' lang='lat' dir='ltr'><strong>cruorem</strong></span> <span class='ocrx_word' id='word_1_144' title='bbox 361 2605 443 2656; x_wconf 83' lang='lat' dir='ltr'><strong>Ferro</strong></span> <span class='ocrx_word' id='word_1_145' title='bbox 462 2605 611 2678; x_wconf 69' lang='lat' dir='ltr'><strong>detergent,</strong></span> <span class='ocrx_word' id='word_1_146' title='bbox 630 2617 657 2656; x_wconf 87' lang='lat' dir='ltr'><strong>et</strong></span> <span class='ocrx_word' id='word_1_147' title='bbox 737 2605 799 2671; x_wconf 64' lang='lat'><strong>442.</strong></span> <span class='ocrx_word' id='word_1_148' title='bbox 819 2605 853 2656; x_wconf 83' lang='lat' dir='ltr'><strong>In</strong></span> <span class='ocrx_word' id='word_1_149' title='bbox 873 2617 990 2657; x_wconf 84' lang='lat' dir='ltr'><strong>transtra.</strong></span> <span class='ocrx_word' id='word_1_150' title='bbox 1006 2603 1136 2656; x_wconf 76' lang='lat' dir='ltr'><strong>Tabulata</strong></span> <span class='ocrx_word' id='word_1_151' title='bbox 1158 2621 1207 2654; x_wconf 89' lang='lat' dir='ltr'><strong>na·</strong></span> 
     </span>
     <span class='ocr_line' id='line_1_21' title="bbox 153 2681 1183 2754; baseline 0.002 -22"><span class='ocrx_word' id='word_1_152' title='bbox 153 2681 218 2732; x_wconf 87' lang='lat' dir='ltr'><strong>daut</strong></span> <span class='ocrx_word' id='word_1_153' title='bbox 233 2683 404 2735; x_wconf 86' lang='lat' dir='ltr'><strong>mucronibus</strong></span> <span class='ocrx_word' id='word_1_154' title='bbox 419 2685 479 2736; x_wconf 90' lang='lat' dir='ltr'><strong>iras.</strong></span> <span class='ocrx_word' id='word_1_155' title='bbox 490 2708 501 2730; x_wconf 74' lang='grc' dir='ltr'>ι</span> <span class='ocrx_word' id='word_1_156' title='bbox 518 2687 562 2735; x_wconf 80' lang='lat' dir='ltr'><strong>En.</strong></span> <span class='ocrx_word' id='word_1_157' title='bbox 701 2683 772 2734; x_wconf 80' lang='lat' dir='ltr'><strong>vium</strong></span> <span class='ocrx_word' id='word_1_158' title='bbox 784 2683 811 2732; x_wconf 93' lang='lat' dir='ltr'><strong>in</strong></span> <span class='ocrx_word' id='word_1_159' title='bbox 824 2682 920 2754; x_wconf 89' lang='lat' dir='ltr'><strong>quibus</strong></span> <span class='ocrx_word' id='word_1_160' title='bbox 932 2696 1001 2735; x_wconf 85' lang='lat' dir='ltr'><strong>stant</strong></span> <span class='ocrx_word' id='word_1_161' title='bbox 1015 2685 1183 2752; x_wconf 78' lang='lat' dir='ltr'><strong>remigantes.</strong></span> 
     </span>
     <span class='ocr_line' id='line_1_22' title="bbox 189 2759 1205 2836; baseline 0.002 -26"><span class='ocrx_word' id='word_1_162' title='bbox 189 2759 250 2825; x_wconf 83' lang='grc'><strong>436,</strong></span> <span class='ocrx_word' id='word_1_163' title='bbox 270 2761 326 2810; x_wconf 80' lang='lat' dir='ltr'><strong>Aut</strong></span> <span class='ocrx_word' id='word_1_164' title='bbox 340 2778 414 2813; x_wconf 84' lang='lat' dir='ltr'><strong>arcus</strong></span> <span class='ocrx_word' id='word_1_165' title='bbox 432 2762 538 2815; x_wconf 75' lang='lat' dir='ltr'><strong>lentare.</strong></span> <span class='ocrx_word' id='word_1_166' title='bbox 560 2762 589 2813; x_wconf 90' lang='lat' dir='ltr'><strong>ld</strong></span> <span class='ocrx_word' id='word_1_167' title='bbox 603 2775 657 2827; x_wconf 84' lang='lat' dir='ltr'><strong>est,</strong></span> <span class='ocrx_word' id='word_1_168' title='bbox 737 2761 798 2829; x_wconf 85' lang='grc'>443.</span> <span class='ocrx_word' id='word_1_169' title='bbox 820 2763 850 2812; x_wconf 81' lang='grc' dir='ltr'><strong>Β.</strong></span> <span class='ocrx_word' id='word_1_170' title='bbox 863 2761 890 2832; x_wconf 83' lang='lat' dir='ltr'><strong>f.</strong></span> <span class='ocrx_word' id='word_1_171' title='bbox 908 2784 937 2836; x_wconf 84' lang='lat' dir='ltr'><strong>p.</strong></span> <span class='ocrx_word' id='word_1_172' title='bbox 956 2772 981 2812; x_wconf 82' lang='lat' dir='ltr'><strong>et</strong></span> <span class='ocrx_word' id='word_1_173' title='bbox 996 2773 1085 2832; x_wconf 81' lang='lat' dir='ltr'><strong>operta</strong></span> <span class='ocrx_word' id='word_1_174' title='bbox 1101 2761 1205 2813; x_wconf 81' lang='lat' dir='ltr'><strong>earinis.</strong></span> 
     </span>
     <span class='ocr_line' id='line_1_23' title="bbox 153 2838 1206 2912; baseline 0.004 -24"><span class='ocrx_word' id='word_1_175' title='bbox 153 2839 291 2892; x_wconf 75' lang='lat' dir='ltr'><strong>incurvare</strong></span> <span class='ocrx_word' id='word_1_176' title='bbox 314 2852 340 2890; x_wconf 88' lang='lat' dir='ltr'><strong>et</strong></span> <span class='ocrx_word' id='word_1_177' title='bbox 360 2840 490 2893; x_wconf 85' lang='lat' dir='ltr'><strong>flectendo</strong></span> <span class='ocrx_word' id='word_1_178' title='bbox 512 2844 599 2894; x_wconf 80' lang='lat' dir='ltr'><strong>lacere</strong></span> <span class='ocrx_word' id='word_1_179' title='bbox 617 2859 658 2892; x_wconf 86' lang='lat' dir='ltr'><strong>ar-</strong></span> <span class='ocrx_word' id='word_1_180' title='bbox 701 2843 764 2893; x_wconf 84' lang='lat' dir='ltr'><strong>Exc.</strong></span> <span class='ocrx_word' id='word_1_181' title='bbox 780 2843 856 2910; x_wconf 78' lang='lat' dir='ltr'><strong>Burg.</strong></span> <span class='ocrx_word' id='word_1_182' title='bbox 871 2853 896 2892; x_wconf 79' lang='lat' dir='ltr'><strong>et</strong></span> <span class='ocrx_word' id='word_1_183' title='bbox 909 2851 984 2912; x_wconf 79' lang='lat' dir='ltr'><strong>apta,</strong></span> <span class='ocrx_word' id='word_1_184' title='bbox 1000 2842 1017 2891; x_wconf 94' lang='lat' dir='ltr'><strong>i.</strong></span> <span class='ocrx_word' id='word_1_185' title='bbox 1034 2858 1056 2890; x_wconf 89' lang='lat' dir='ltr'><strong>e.</strong></span> <span class='ocrx_word' id='word_1_186' title='bbox 1072 2851 1149 2910; x_wconf 79' lang='lat' dir='ltr'><strong>opta,</strong></span> <span class='ocrx_word' id='word_1_187' title='bbox 1165 2838 1206 2892; x_wconf 80' lang='lat' dir='ltr'><strong>vel</strong></span> 
     </span>
     <span class='ocr_line' id='line_1_24' title="bbox 154 2917 800 2992; baseline 0.008 -26"><span class='ocrx_word' id='word_1_188' title='bbox 154 2935 209 2968; x_wconf 90' lang='lat' dir='ltr'><strong>cus.</strong></span> <span class='ocrx_word' id='word_1_189' title='bbox 218 2917 377 2968; x_wconf 81' lang='lat' dir='ltr'><strong>-Furrdere</strong></span> <span class='ocrx_word' id='word_1_190' title='bbox 385 2917 501 2988; x_wconf 65' lang='lat' dir='ltr'><strong>pierides.</strong></span> <span class='ocrx_word' id='word_1_191' title='bbox 515 2919 543 2969; x_wconf 91' lang='lat' dir='ltr'><strong>ld</strong></span> <span class='ocrx_word' id='word_1_192' title='bbox 556 2931 608 2983; x_wconf 86' lang='lat' dir='ltr'><strong>est,</strong></span> <span class='ocrx_word' id='word_1_193' title='bbox 617 2920 658 2988; x_wconf 92' lang='lat' dir='ltr'><strong>pi·</strong></span> <span class='ocrx_word' id='word_1_194' title='bbox 702 2931 800 2992; x_wconf 83' lang='lat' dir='ltr'><strong>aperta.</strong></span> 
     </span>
     <span class='ocr_line' id='line_1_25' title="bbox 152 2994 1205 3069; baseline 0.001 -23"><span class='ocrx_word' id='word_1_195' title='bbox 152 2995 192 3047; x_wconf 87' lang='lat' dir='ltr'><strong>las</strong></span> <span class='ocrx_word' id='word_1_196' title='bbox 204 2994 342 3066; x_wconf 84' lang='lat' dir='ltr'><strong>plumbeas</strong></span> <span class='ocrx_word' id='word_1_197' title='bbox 355 2996 484 3062; x_wconf 87' lang='lat' dir='ltr'><strong>coullare,</strong></span> <span class='ocrx_word' id='word_1_198' title='bbox 499 3015 565 3066; x_wconf 88' lang='lat' dir='ltr'><strong>quas</strong></span> <span class='ocrx_word' id='word_1_199' title='bbox 577 2997 657 3067; x_wconf 88' lang='lat' dir='ltr'><strong>prisci</strong></span> <span class='ocrx_word' id='word_1_200' title='bbox 737 2998 799 3064; x_wconf 84' lang='grc'>444.</span> <span class='ocrx_word' id='word_1_201' title='bbox 817 2999 844 3050; x_wconf 78' lang='lat' dir='ltr'><strong>S.</strong></span> <span class='ocrx_word' id='word_1_202' title='bbox 864 3015 901 3069; x_wconf 86' lang='lat' dir='ltr'><strong>sq.</strong></span> <span class='ocrx_word' id='word_1_203' title='bbox 922 2996 948 3049; x_wconf 84' lang='lat' dir='ltr'><strong>h.</strong></span> <span class='ocrx_word' id='word_1_204' title='bbox 968 2995 1053 3048; x_wconf 83' lang='lat' dir='ltr'><strong>classis</strong></span> <span class='ocrx_word' id='word_1_205' title='bbox 1070 3005 1205 3067; x_wconf 85' lang='lat' dir='ltr'><strong>promota,</strong></span> 
     </span>
     <span class='ocr_line' id='line_1_26' title="bbox 154 3073 1209 3147; baseline 0.001 -22"><span class='ocrx_word' id='word_1_206' title='bbox 154 3074 236 3126; x_wconf 86' lang='lat' dir='ltr'><strong>funda</strong></span> <span class='ocrx_word' id='word_1_207' title='bbox 248 3074 391 3145; x_wconf 86' lang='lat' dir='ltr'><strong>jaciebant.</strong></span> <span class='ocrx_word' id='word_1_208' title='bbox 407 3077 562 3126; x_wconf 78' lang='lat' dir='ltr'><strong>Mirantur.</strong></span> <span class='ocrx_word' id='word_1_209' title='bbox 701 3094 815 3147; x_wconf 65' lang='lat' dir='ltr'><strong>suoque.</strong></span> <span class='ocrx_word' id='word_1_210' title='bbox 827 3075 903 3126; x_wconf 82' lang='lat' dir='ltr'><strong>Aldd.</strong></span> <span class='ocrx_word' id='word_1_211' title='bbox 916 3073 1000 3127; x_wconf 87' lang='lat' dir='ltr'><strong>Colin.</strong></span> <span class='ocrx_word' id='word_1_212' title='bbox 1009 3073 1111 3146; x_wconf 78' lang='lat' dir='ltr'><strong>Gryph.</strong></span> <span class='ocrx_word' id='word_1_213' title='bbox 1122 3086 1149 3125; x_wconf 90' lang='lat' dir='ltr'><strong>et</strong></span> <span class='ocrx_word' id='word_1_214' title='bbox 1158 3076 1209 3126; x_wconf 84' lang='lat' dir='ltr'><strong>Ba-</strong></span> 
     </span>
     <span class='ocr_line' id='line_1_27' title="bbox 189 3153 1205 3228; baseline 0.002 -22"><span class='ocrx_word' id='word_1_215' title='bbox 189 3154 503 3226; x_wconf 66' lang='lat' dir='ltr'><strong>437.Auttouererudes</strong></span> <span class='ocrx_word' id='word_1_216' title='bbox 513 3153 658 3205; x_wconf 86' lang='lat' dir='ltr'><strong>Paliseuim</strong></span> <span class='ocrx_word' id='word_1_217' title='bbox 702 3154 742 3208; x_wconf 89' lang='lat' dir='ltr'><strong>sil.</strong></span> <span class='ocrx_word' id='word_1_218' title='bbox 772 3155 860 3209; x_wconf 80' lang='lat' dir='ltr'><strong>classes</strong></span> <span class='ocrx_word' id='word_1_219' title='bbox 882 3167 1011 3228; x_wconf 81' lang='lat' dir='ltr'><strong>promota.</strong></span> <span class='ocrx_word' id='word_1_220' title='bbox 1035 3183 1071 3194; x_wconf 94' lang='lat'><strong>-—</strong></span> <span class='ocrx_word' id='word_1_221' title='bbox 1097 3155 1205 3228; x_wconf 71' lang='lat' dir='ltr'><strong>Staqna.</strong></span> 
     </span>
     <span class='ocr_line' id='line_1_28' title="bbox 154 3233 1206 3312; baseline -0.002 -26"><span class='ocrx_word' id='word_1_222' title='bbox 154 3233 252 3286; x_wconf 81' lang='lat' dir='ltr'><strong>adustis</strong></span> <span class='ocrx_word' id='word_1_223' title='bbox 265 3236 292 3285; x_wconf 91' lang='lat' dir='ltr'><strong>iu</strong></span> <span class='ocrx_word' id='word_1_224' title='bbox 305 3233 375 3286; x_wconf 85' lang='lat' dir='ltr'><strong>bello</strong></span> <span class='ocrx_word' id='word_1_225' title='bbox 389 3235 532 3286; x_wconf 87' lang='lat' dir='ltr'><strong>utebantur</strong></span> <span class='ocrx_word' id='word_1_226' title='bbox 544 3233 656 3302; x_wconf 81' lang='lat' dir='ltr'><strong>antiqui.</strong></span> <span class='ocrx_word' id='word_1_227' title='bbox 702 3235 792 3306; x_wconf 73' lang='lat' dir='ltr'><strong>Aque.</strong></span> <span class='ocrx_word' id='word_1_228' title='bbox 801 3236 908 3287; x_wconf 84' lang='lat' dir='ltr'><strong>-Suos</strong></span> <span class='ocrx_word' id='word_1_229' title='bbox 915 3237 1024 3312; x_wconf 81' lang='lat' dir='ltr'><strong>fluctus.</strong></span> <span class='ocrx_word' id='word_1_230' title='bbox 1042 3235 1111 3286; x_wconf 85' lang='lat' dir='ltr'><strong>Nam</strong></span> <span class='ocrx_word' id='word_1_231' title='bbox 1124 3251 1206 3306; x_wconf 84' lang='lat' dir='ltr'><strong>quum</strong></span> 
     </span>
     <span class='ocr_line' id='line_1_29' title="bbox 153 3313 1206 3386; baseline -0.002 -18"><span class='ocrx_word' id='word_1_232' title='bbox 153 3316 277 3386; x_wconf 67' lang='lat' dir='ltr'><strong>Virgilius</strong></span> <span class='ocrx_word' id='word_1_233' title='bbox 302 3317 361 3368; x_wconf 82' lang='lat' dir='ltr'><strong>AEn.</strong></span> <span class='ocrx_word' id='word_1_234' title='bbox 380 3317 439 3382; x_wconf 86' lang='lat' dir='ltr'><strong>Vll,</strong></span> <span class='ocrx_word' id='word_1_235' title='bbox 457 3317 517 3382; x_wconf 65' lang='lat'><strong>524.</strong></span> <span class='ocrx_word' id='word_1_236' title='bbox 535 3339 546 3360; x_wconf 80' lang='grc' dir='ltr'>ι</span> <span class='ocrx_word' id='word_1_237' title='bbox 557 3313 658 3384; x_wconf 76' lang='lat' dir='ltr'><strong>stipiti·</strong></span> <span class='ocrx_word' id='word_1_238' title='bbox 704 3315 919 3368; x_wconf 79' lang='lat' dir='ltr'><strong>soleatenvento</strong></span> <span class='ocrx_word' id='word_1_239' title='bbox 931 3315 1014 3366; x_wconf 82' lang='lat' dir='ltr'><strong>hieme</strong></span> <span class='ocrx_word' id='word_1_240' title='bbox 1026 3315 1206 3381; x_wconf 76' lang='lat' dir='ltr'><strong>caveri,nuno</strong></span> 
     </span>
     <span class='ocr_line' id='line_1_30' title="bbox 153 3393 1208 3467; baseline -0.006 -19"><span class='ocrx_word' id='word_1_241' title='bbox 153 3396 203 3448; x_wconf 88' lang='lat' dir='ltr'><strong>bus</strong></span> <span class='ocrx_word' id='word_1_242' title='bbox 217 3396 289 3448; x_wconf 90' lang='lat' dir='ltr'><strong>duris</strong></span> <span class='ocrx_word' id='word_1_243' title='bbox 303 3397 389 3465; x_wconf 67' lang='lat' dir='ltr'><strong>agitur</strong></span> <span class='ocrx_word' id='word_1_244' title='bbox 400 3395 561 3467; x_wconf 87' lang='lat' dir='ltr'><strong>sudibusque</strong></span> <span class='ocrx_word' id='word_1_245' title='bbox 573 3412 657 3464; x_wconf 73' lang='lat' dir='ltr'><strong>prau-</strong></span> <span class='ocrx_word' id='word_1_246' title='bbox 703 3412 734 3446; x_wconf 83' lang='lat' dir='ltr'><strong>ex</strong></span> <span class='ocrx_word' id='word_1_247' title='bbox 752 3407 825 3445; x_wconf 81' lang='lat' dir='ltr'><strong>tanta</strong></span> <span class='ocrx_word' id='word_1_248' title='bbox 843 3395 1046 3465; x_wconf 83' lang='lat' dir='ltr'><strong>perturbatione</strong></span> <span class='ocrx_word' id='word_1_249' title='bbox 1060 3393 1156 3458; x_wconf 81' lang='lat' dir='ltr'><strong>maris,</strong></span> <span class='ocrx_word' id='word_1_250' title='bbox 1175 3403 1208 3442; x_wconf 85' lang='lat' dir='ltr'><strong>ex</strong></span> 
     </span>
     <span class='ocr_line' id='line_1_31' title="bbox 155 3475 1208 3544; baseline -0.001 -17"><span class='ocrx_word' id='word_1_251' title='bbox 155 3478 230 3528; x_wconf 74' lang='lat' dir='ltr'><strong>stis.»</strong></span> <span class='ocrx_word' id='word_1_252' title='bbox 250 3476 345 3527; x_wconf 83' lang='lat' dir='ltr'><strong>Noster</strong></span> <span class='ocrx_word' id='word_1_253' title='bbox 362 3475 445 3526; x_wconf 87' lang='lat' dir='ltr'><strong>Theb.</strong></span> <span class='ocrx_word' id='word_1_254' title='bbox 467 3478 510 3538; x_wconf 85' lang='lat' dir='ltr'><strong>tv,</strong></span> <span class='ocrx_word' id='word_1_255' title='bbox 526 3493 562 3526; x_wconf 84' lang='lat' dir='ltr'><strong>vs.</strong></span> <span class='ocrx_word' id='word_1_256' title='bbox 584 3475 656 3526; x_wconf 75' lang='lat'><strong>302:</strong></span> <span class='ocrx_word' id='word_1_257' title='bbox 703 3489 776 3526; x_wconf 88' lang='lat' dir='ltr'><strong>tanto</strong></span> <span class='ocrx_word' id='word_1_258' title='bbox 799 3493 909 3531; x_wconf 83' lang='lat' dir='ltr'><strong>ntrmero</strong></span> <span class='ocrx_word' id='word_1_259' title='bbox 935 3477 1042 3526; x_wconf 84' lang='lat' dir='ltr'><strong>navium</strong></span> <span class='ocrx_word' id='word_1_260' title='bbox 1066 3485 1208 3544; x_wconf 83' lang='lat' dir='ltr'><strong>tempestas</strong></span> 
     </span>
     <span class='ocr_line' id='line_1_32' title="bbox 157 3552 1208 3626; baseline -0.004 -26"><span class='ocrx_word' id='word_1_261' title='bbox 157 3575 168 3600; x_wconf 74' lang='grc' dir='ltr'><strong><em>κ</em></strong></span> <span class='ocrx_word' id='word_1_262' title='bbox 181 3556 225 3606; x_wconf 86' lang='lat' dir='ltr'><strong>llis</strong></span> <span class='ocrx_word' id='word_1_263' title='bbox 236 3555 288 3605; x_wconf 84' lang='lat' dir='ltr'><strong>tela</strong></span> <span class='ocrx_word' id='word_1_264' title='bbox 299 3552 385 3605; x_wconf 88' lang='lat' dir='ltr'><strong>sudes.</strong></span> <span class='ocrx_word' id='word_1_265' title='bbox 397 3577 408 3600; x_wconf 77' lang='grc' dir='ltr'>ι</span> <span class='ocrx_word' id='word_1_266' title='bbox 418 3581 454 3594; x_wconf 87' lang='lat'><strong>-·-</strong></span> <span class='ocrx_word' id='word_1_267' title='bbox 463 3554 545 3604; x_wconf 81' lang='lat' dir='ltr'><strong>Canis.</strong></span> <span class='ocrx_word' id='word_1_268' title='bbox 558 3553 659 3602; x_wconf 82' lang='lat' dir='ltr'><strong>Dicitur</strong></span> <span class='ocrx_word' id='word_1_269' title='bbox 702 3553 860 3626; x_wconf 73' lang='lat' dir='ltr'><strong>agitabatur,</strong></span> <span class='ocrx_word' id='word_1_270' title='bbox 873 3557 1013 3607; x_wconf 74' lang='lat' dir='ltr'><strong>commotis</strong></span> <span class='ocrx_word' id='word_1_271' title='bbox 1028 3553 1159 3606; x_wconf 66' lang='lat' dir='ltr'><strong>fluctibus.</strong></span> <span class='ocrx_word' id='word_1_272' title='bbox 1171 3582 1208 3596; x_wconf 82' lang='grc'><strong>..-</strong></span> 
     </span>
     <span class='ocr_line' id='line_1_33' title="bbox 154 3632 1193 3704; baseline -0.003 -19"><span class='ocrx_word' id='word_1_273' title='bbox 154 3637 244 3686; x_wconf 85' lang='lat' dir='ltr'><strong>Conus</strong></span> <span class='ocrx_word' id='word_1_274' title='bbox 257 3635 336 3704; x_wconf 85' lang='lat' dir='ltr'><strong>pinna</strong></span> <span class='ocrx_word' id='word_1_275' title='bbox 350 3633 394 3684; x_wconf 84' lang='lat' dir='ltr'><strong>illa</strong></span> <span class='ocrx_word' id='word_1_276' title='bbox 409 3632 488 3703; x_wconf 72' lang='lat' dir='ltr'><strong>galeae</strong></span> <span class='ocrx_word' id='word_1_277' title='bbox 500 3634 526 3683; x_wconf 93' lang='lat' dir='ltr'><strong>in</strong></span> <span class='ocrx_word' id='word_1_278' title='bbox 540 3649 592 3702; x_wconf 82' lang='lat' dir='ltr'><strong>qua</strong></span> <span class='ocrx_word' id='word_1_279' title='bbox 605 3632 657 3682; x_wconf 89' lang='lat' dir='ltr'><strong>cri·</strong></span> <span class='ocrx_word' id='word_1_280' title='bbox 702 3634 775 3686; x_wconf 81' lang='lat' dir='ltr'><strong>Suos.</strong></span> <span class='ocrx_word' id='word_1_281' title='bbox 789 3635 812 3684; x_wconf 82' lang='grc' dir='ltr'><strong>Δ</strong></span> <span class='ocrx_word' id='word_1_282' title='bbox 827 3634 937 3686; x_wconf 83' lang='lat' dir='ltr'><strong>navibus</strong></span> <span class='ocrx_word' id='word_1_283' title='bbox 953 3647 1109 3685; x_wconf 88' lang='lat' dir='ltr'><strong>commotos.</strong></span> <span class='ocrx_word' id='word_1_284' title='bbox 1123 3633 1193 3684; x_wconf 76' lang='lat' dir='ltr'><strong>Mar,</strong></span> 
     </span>
     <span class='ocr_line' id='line_1_34' title="bbox 155 3709 1208 3786; baseline 0.003 -24"><span class='ocrx_word' id='word_1_285' title='bbox 155 3724 199 3762; x_wconf 86' lang='lat' dir='ltr'><strong>stae</strong></span> <span class='ocrx_word' id='word_1_286' title='bbox 210 3711 369 3780; x_wconf 70' lang='lat' dir='ltr'><strong>defiguntur.</strong></span> <span class='ocrx_word' id='word_1_287' title='bbox 385 3713 540 3763; x_wconf 83' lang='lat' dir='ltr'><strong>Marusartr.</strong></span> <span class='ocrx_word' id='word_1_288' title='bbox 738 3712 799 3779; x_wconf 81' lang='grc'>445.</span> <span class='ocrx_word' id='word_1_289' title='bbox 815 3713 917 3784; x_wconf 79' lang='lat' dir='ltr'><strong>AEquor</strong></span> <span class='ocrx_word' id='word_1_290' title='bbox 926 3710 1030 3786; x_wconf 82' lang='lat' dir='ltr'><strong>Deficit.</strong></span> <span class='ocrx_word' id='word_1_291' title='bbox 1043 3709 1208 3785; x_wconf 60' lang='lat' dir='ltr'><strong>lippe-rhum,</strong></span> 
     </span>
    </p>
   </div>
   <div class='ocr_carea' id='block_1_4' title="bbox 1151 1743 1428 1896">
    <p class='ocr_par' dir='ltr' id='par_1_4' title="bbox 1151 1743 1428 1896">
     <span class='ocr_line' id='line_1_35' title="bbox 1151 1743 1428 1896; baseline 0 -23"><span class='ocrx_word' id='word_1_292' title='bbox 1151 1743 1428 1896; x_wconf 64' lang='lat' dir='ltr'><strong>us </strong></span> 
     </span>
    </p>
   </div>
   <div class='ocr_carea' id='block_1_5' title="bbox 154 3789 662 4338">
    <p class='ocr_par' dir='ltr' id='par_1_5' title="bbox 154 3789 662 4338">
     <span class='ocr_line' id='line_1_36' title="bbox 189 3789 662 3858; baseline -0.011 -14"><span class='ocrx_word' id='word_1_293' title='bbox 189 3791 312 3858; x_wconf 72' lang='lat' dir='ltr'><strong>438.Hos</strong></span> <span class='ocrx_word' id='word_1_294' title='bbox 324 3791 391 3843; x_wconf 84' lang='lat' dir='ltr'><strong>inter</strong></span> <span class='ocrx_word' id='word_1_295' title='bbox 397 3802 490 3844; x_wconf 81' lang='lat' dir='ltr'><strong>motus.</strong></span> <span class='ocrx_word' id='word_1_296' title='bbox 499 3791 589 3858; x_wconf 90' lang='lat' dir='ltr'><strong>Quum</strong></span> <span class='ocrx_word' id='word_1_297' title='bbox 602 3789 662 3840; x_wconf 85' lang='lat' dir='ltr'><strong>uni·</strong></span> 
     </span>
     <span class='ocr_line' id='line_1_37' title="bbox 154 3865 659 3940; baseline -0.006 -20"><span class='ocrx_word' id='word_1_298' title='bbox 154 3887 249 3934; x_wconf 71' lang='lat' dir='ltr'><strong>verse,</strong></span> <span class='ocrx_word' id='word_1_299' title='bbox 271 3871 376 3940; x_wconf 87' lang='lat' dir='ltr'><strong>inquit,</strong></span> <span class='ocrx_word' id='word_1_300' title='bbox 398 3870 501 3921; x_wconf 73' lang='lat' dir='ltr'><strong>Graecia</strong></span> <span class='ocrx_word' id='word_1_301' title='bbox 524 3867 603 3920; x_wconf 77' lang='lat' dir='ltr'><strong>urbes</strong></span> <span class='ocrx_word' id='word_1_302' title='bbox 624 3865 659 3918; x_wconf 87' lang='lat' dir='ltr'><strong>atl</strong></span> 
     </span>
     <span class='ocr_line' id='line_1_38' title="bbox 154 3947 659 4004; baseline -0.006 -4"><span class='ocrx_word' id='word_1_303' title='bbox 154 3961 256 4000; x_wconf 86' lang='lat' dir='ltr'><strong>tantum</strong></span> <span class='ocrx_word' id='word_1_304' title='bbox 281 3948 379 4001; x_wconf 87' lang='lat' dir='ltr'><strong>bellum</strong></span> <span class='ocrx_word' id='word_1_305' title='bbox 400 3967 502 4004; x_wconf 84' lang='lat' dir='ltr'><strong>summa</strong></span> <span class='ocrx_word' id='word_1_306' title='bbox 526 3947 659 4000; x_wconf 80' lang='lat' dir='ltr'><strong>alacritate</strong></span> 
     </span>
     <span class='ocr_line' id='line_1_39' title="bbox 155 4026 660 4100; baseline -0.006 -19"><span class='ocrx_word' id='word_1_307' title='bbox 155 4041 319 4100; x_wconf 71' lang='lat' dir='ltr'><strong>pararentur,</strong></span> <span class='ocrx_word' id='word_1_308' title='bbox 331 4031 386 4082; x_wconf 82' lang='lat' dir='ltr'><strong>sola</strong></span> <span class='ocrx_word' id='word_1_309' title='bbox 396 4029 533 4083; x_wconf 84' lang='lat' dir='ltr'><strong>Thessalia</strong></span> <span class='ocrx_word' id='word_1_310' title='bbox 546 4026 660 4098; x_wconf 70' lang='lat' dir='ltr'><strong>augeba-</strong></span> 
     </span>
     <span class='ocr_line' id='line_1_40' title="bbox 156 4106 660 4180; baseline -0.004 -21"><span class='ocrx_word' id='word_1_311' title='bbox 156 4122 199 4159; x_wconf 92' lang='lat' dir='ltr'><strong>tur</strong></span> <span class='ocrx_word' id='word_1_312' title='bbox 221 4107 292 4180; x_wconf 84' lang='lat' dir='ltr'><strong>quod</strong></span> <span class='ocrx_word' id='word_1_313' title='bbox 315 4106 407 4162; x_wconf 81' lang='lat' dir='ltr'><strong>Peleus</strong></span> <span class='ocrx_word' id='word_1_314' title='bbox 430 4122 497 4162; x_wconf 82' lang='lat' dir='ltr'><strong>esset</strong></span> <span class='ocrx_word' id='word_1_315' title='bbox 515 4125 612 4170; x_wconf 82' lang='lat' dir='ltr'><strong>senex,</strong></span> <span class='ocrx_word' id='word_1_316' title='bbox 633 4118 660 4157; x_wconf 87' lang='lat' dir='ltr'><strong>et</strong></span> 
     </span>
     <span class='ocr_line' id='line_1_41' title="bbox 157 4185 660 4262; baseline -0.002 -23"><span class='ocrx_word' id='word_1_317' title='bbox 157 4187 270 4240; x_wconf 84' lang='lat' dir='ltr'><strong>Achilles</strong></span> <span class='ocrx_word' id='word_1_318' title='bbox 284 4190 437 4242; x_wconf 81' lang='lat' dir='ltr'><strong>immaturus</strong></span> <span class='ocrx_word' id='word_1_319' title='bbox 452 4191 497 4262; x_wconf 91' lang='lat' dir='ltr'><strong>qui</strong></span> <span class='ocrx_word' id='word_1_320' title='bbox 512 4188 546 4240; x_wconf 85' lang='lat' dir='ltr'><strong>sd</strong></span> <span class='ocrx_word' id='word_1_321' title='bbox 561 4185 660 4238; x_wconf 80' lang='lat' dir='ltr'><strong>bellum</strong></span> 
     </span>
     <span class='ocr_line' id='line_1_42' title="bbox 157 4266 660 4338; baseline -0.004 -20"><span class='ocrx_word' id='word_1_322' title='bbox 157 4269 310 4319; x_wconf 86' lang='lat' dir='ltr'><strong>mitteretur.</strong></span> <span class='ocrx_word' id='word_1_323' title='bbox 328 4268 450 4322; x_wconf 82' lang='lat' dir='ltr'><strong>Bn-rrstut.</strong></span> <span class='ocrx_word' id='word_1_324' title='bbox 463 4299 500 4312; x_wconf 92' lang='lat'>—</span> <span class='ocrx_word' id='word_1_325' title='bbox 514 4266 580 4320; x_wconf 84' lang='lat' dir='ltr'><strong>Vide</strong></span> <span class='ocrx_word' id='word_1_326' title='bbox 597 4285 660 4338; x_wconf 77' lang='lat' dir='ltr'><strong>paq.</strong></span> 
     </span>
    </p>
   </div>
   <div class='ocr_carea' id='block_1_6' title="bbox 703 3789 1215 4321">
    <p class='ocr_par' dir='ltr' id='par_1_6' title="bbox 704 3789 1207 3864">
     <span class='ocr_line' id='line_1_43' title="bbox 704 3789 1207 3864; baseline 0 -22"><span class='ocrx_word' id='word_1_327' title='bbox 704 3789 1207 3864; x_wconf 75' lang='lat' dir='ltr'><strong>quadesignetmultitudiuemuavium.</strong></span> 
     </span>
    </p>

    <p class='ocr_par' dir='ltr' id='par_1_7' title="bbox 703 3869 1215 4321">
     <span class='ocr_line' id='line_1_44' title="bbox 738 3869 1210 3936; baseline -0.006 -14"><span class='ocrx_word' id='word_1_328' title='bbox 738 3869 800 3936; x_wconf 87' lang='grc'>446.</span> <span class='ocrx_word' id='word_1_329' title='bbox 818 3871 987 3924; x_wconf 82' lang='lat' dir='ltr'><strong>Consumunt.</strong></span> <span class='ocrx_word' id='word_1_330' title='bbox 1001 3869 1029 3920; x_wconf 74' lang='lat' dir='ltr'><strong>tat</strong></span> <span class='ocrx_word' id='word_1_331' title='bbox 1042 3882 1096 3936; x_wconf 87' lang='lat' dir='ltr'><strong>est,</strong></span> <span class='ocrx_word' id='word_1_332' title='bbox 1105 3887 1158 3921; x_wconf 89' lang='lat' dir='ltr'><strong>nou</strong></span> <span class='ocrx_word' id='word_1_333' title='bbox 1168 3887 1210 3920; x_wconf 87' lang='lat' dir='ltr'><strong>re·</strong></span> 
     </span>
     <span class='ocr_line' id='line_1_45' title="bbox 706 3949 1211 4022; baseline -0.002 -20"><span class='ocrx_word' id='word_1_334' title='bbox 706 3964 757 4002; x_wconf 87' lang='lat' dir='ltr'><strong>stat</strong></span> <span class='ocrx_word' id='word_1_335' title='bbox 770 3951 855 4022; x_wconf 88' lang='lat' dir='ltr'><strong>aliqua</strong></span> <span class='ocrx_word' id='word_1_336' title='bbox 870 3970 932 4022; x_wconf 84' lang='lat' dir='ltr'><strong>pars</strong></span> <span class='ocrx_word' id='word_1_337' title='bbox 943 3952 1027 4016; x_wconf 82' lang='lat' dir='ltr'><strong>venti,</strong></span> <span class='ocrx_word' id='word_1_338' title='bbox 1041 3969 1099 4022; x_wconf 81' lang='lat' dir='ltr'><strong>quae</strong></span> <span class='ocrx_word' id='word_1_339' title='bbox 1110 3969 1164 4002; x_wconf 89' lang='lat' dir='ltr'><strong>non</strong></span> <span class='ocrx_word' id='word_1_340' title='bbox 1177 3949 1211 4002; x_wconf 89' lang='lat' dir='ltr'><strong>sit</strong></span> 
     </span>
     <span class='ocr_line' id='line_1_46' title="bbox 705 4028 1210 4102; baseline 0 -22"><span class='ocrx_word' id='word_1_341' title='bbox 705 4044 815 4100; x_wconf 84' lang='lat' dir='ltr'><strong>accepta</strong></span> <span class='ocrx_word' id='word_1_342' title='bbox 835 4028 942 4096; x_wconf 81' lang='lat' dir='ltr'><strong>avelis,</strong></span> <span class='ocrx_word' id='word_1_343' title='bbox 964 4031 1039 4102; x_wconf 92' lang='lat' dir='ltr'><strong>quasi</strong></span> <span class='ocrx_word' id='word_1_344' title='bbox 1060 4042 1131 4080; x_wconf 88' lang='lat' dir='ltr'><strong>tanta</strong></span> <span class='ocrx_word' id='word_1_345' title='bbox 1153 4041 1210 4082; x_wconf 86' lang='lat' dir='ltr'><strong>erat</strong></span> 
     </span>
     <span class='ocr_line' id='line_1_47' title="bbox 704 4105 1208 4180; baseline -0.002 -22"><span class='ocrx_word' id='word_1_346' title='bbox 704 4107 823 4160; x_wconf 79' lang='lat' dir='ltr'><strong>velorum</strong></span> <span class='ocrx_word' id='word_1_347' title='bbox 845 4111 936 4180; x_wconf 79' lang='lat' dir='ltr'><strong>copia,</strong></span> <span class='ocrx_word' id='word_1_348' title='bbox 956 4105 1030 4178; x_wconf 89' lang='lat' dir='ltr'><strong>quod</strong></span> <span class='ocrx_word' id='word_1_349' title='bbox 1045 4121 1136 4161; x_wconf 84' lang='lat' dir='ltr'><strong>ventos</strong></span> <span class='ocrx_word' id='word_1_350' title='bbox 1151 4121 1208 4158; x_wconf 81' lang='lat' dir='ltr'><strong>om·</strong></span> 
     </span>
     <span class='ocr_line' id='line_1_48' title="bbox 703 4181 1215 4266; baseline 0 -28"><span class='ocrx_word' id='word_1_351' title='bbox 703 4205 751 4239; x_wconf 81' lang='lat' dir='ltr'><strong>nea</strong></span> <span class='ocrx_word' id='word_1_352' title='bbox 768 4187 924 4260; x_wconf 85' lang='lat' dir='ltr'><strong>capiebant,</strong></span> <span class='ocrx_word' id='word_1_353' title='bbox 941 4185 1121 4260; x_wconf 72' lang='lat' dir='ltr'><strong>hyperbolice.</strong></span> <span class='ocrx_word' id='word_1_354' title='bbox 1138 4181 1215 4266; x_wconf 51' lang='lat' dir='ltr'><strong>Mar(</strong></span> 
     </span>
     <span class='ocr_line' id='line_1_49' title="bbox 704 4267 1208 4321; baseline -0.004 -3"><span class='ocrx_word' id='word_1_355' title='bbox 704 4295 739 4308; x_wconf 88' lang='lat'><strong>···</strong></span> <span class='ocrx_word' id='word_1_356' title='bbox 751 4267 829 4320; x_wconf 85' lang='lat' dir='ltr'><strong>Totos</strong></span> <span class='ocrx_word' id='word_1_357' title='bbox 837 4279 991 4320; x_wconf 80' lang='lat' dir='ltr'><strong>consumunt</strong></span> <span class='ocrx_word' id='word_1_358' title='bbox 1000 4267 1103 4321; x_wconf 79' lang='lat' dir='ltr'><strong>carbasa</strong></span> <span class='ocrx_word' id='word_1_359' title='bbox 1113 4277 1208 4320; x_wconf 81' lang='lat' dir='ltr'><strong>ventos.</strong></span> 
     </span>
    </p>
   </div>
   <div class='ocr_carea' id='block_1_7' title="bbox 0 0 1610 5156">
    <p class='ocr_par' dir='ltr' id='par_1_8' title="bbox 0 0 1610 5156">
     <span class='ocr_line' id='line_1_50' title="bbox 0 0 1610 5156; baseline 0 0"><span class='ocrx_word' id='word_1_360' title='bbox 0 0 1610 5156; x_wconf 95' lang='lat' dir='ltr'><strong> </strong></span> 
     </span>
    </p>
   </div>
  </div>
 </body>
</html>
