3230 5168
496 724 891 833 EXCURSUS.

664 954 723 991 vn.

366 1109 592 1206 ,NOTAE
616 1109 1000 1198 AMPLIORES

401 1277 407 1284 ’
476 1312 523 1357 tn
546 1313 689 1358 urnuun
714 1313 909 1358 srrrrnun

548 1456 834 1524 retenens.
923 1445 926 1452 “

155 1856 247 1908 'Vm
263 1857 288 1909 Β.
310 1822 432 1910 Ounno
444 1859 615 1930 vetitumque
627 1859 762 1914 Parrhasis
774 1860 875 1933 iprum,
889 1873 940 1911 etc.
955 1858 1089 1912 Parrhasis
1104 1861 1185 1912 Arcas
1200 1881 1214 1913 a

165 1946 249 2004 gente
260 1933 346 2002 (lictu,
361 1935 432 1989 unde
448 1938 498 1990 fuit
512 1937 617 2010 Celysto
628 1939 757 2012 Lycaonis
772 1937 889 1993 Arcadia
902 1941 970 2010 regis
982 1939 1049 2008 filia,
1062 1943 1158 2012 quaein
1171 1961 1216 1993 uu·

167 2031 226 2066 sam
243 2030 281 2068 est
297 2029 406 2070 munta.
424 2019 525 2071 Lucan.
543 2019 659 2072 Pltarsal.
671 2023 710 2086 11,
730 2020 799 2088 237:
817 2019 970 2074 ·Parrhaais
987 2019 1110 2092 obliquos
1123 2020 1214 2074 Helice

167 2113 254 2166 quum
267 2110 379 2150 verteret
391 2115 461 2150 axes.
471 2123 484 2146 ι
504 2098 609 2172 Culysto
626 2119 689 2171 ergo
704 2099 760 2172 ipsa
778 2113 833 2166 est,
848 2119 905 2172 quse
925 2099 1104 2172 Arctophylax
1118 2100 1215 2154 dicitnr

166 2192 245 2238 urm
261 2194 318 2247 quae
332 2196 468 2252 nunquam
482 2180 591 2232 Oceano
606 2182 723 2250 tingitur.
741 2182 869 2232 Ltortttr.

206 2273 250 2342 44.
261 2277 367 2330 Ferrutis
377 2279 530 2332 incumbunt
539 2290 603 2332 tecta
613 2279 756 2346 columnis,
767 2293 817 2332 etc.
831 2279 872 2331 Ad
884 2277 1088 2352 descriptionem
1102 2292 1216 2330 cruentat

166 2351 266 2406 domus
278 2354 388 2425 adjecit,
402 2361 489 2410 omnia
503 2357 575 2410 ferro
588 2353 668 2410 fnisse
681 2373 848 2423 constructa,
864 2372 908 2424 ut,
922 2356 1082 2428 ubicumque
1095 2356 1215 2428 adspire-

166 2453 226 2501 τοι,
237 2436 376 2489 ruor'talem
386 2437 494 2491 domum
505 2457 536 2492 ex
546 2437 740 2510 ipsiusndilioii
751 2439 925 2490 fabricatione
938 2456 1127 2508 cognosceres:
1141 2441 1216 2508 cujus

165 2517 279 2568 terroris
292 2519 407 2588 speciem
420 2532 450 2570 ut
461 2517 586 2590 Virgilius
601 2517 760 2590 explicaret,
773 2520 822 2584 ait,
836 2517 940 2571 AEneirl.
957 2521 1007 2582 Vl,
1025 2516 1094 2570 5522
1114 2519 1216 2569 -Porta

166 2590 296 2658 adversa,
310 2597 420 2666 iugens,
439 2597 578 2669 solidoque
597 2597 737 2648 adamante
754 2596 891 2650 columnae.
902 2621 914 2645 ι
930 2627 966 2637 -
979 2596 1045 2648 Vide
1058 2597 1216 2666 presertim,

167 2691 230 2745 qua¹
238 2673 309 2728 idem
320 2677 443 2748 Virgilius
452 2677 597 2750 deferretis
606 2677 676 2730 Belli
687 2678 801 2750 postibus
815 2679 900 2739 cauit,
912 2674 1013 2730 AEueid.
1025 2677 1087 2743 Vll,
1096 2677 1149 2745 609
1159 2695 1216 2748 sqq.

357 2766 457 2882 Cepp'um
466 2767 520 2812 aerei
529 2765 640 2813 'claudunt
648 2777 738 2823 vectes,
749 2777 880 2837 eternaque
890 2767 946 2812 ferri

356 2837 390 2882 lio
424 2851 456 2882 ra.

1112 2897 1160 2947 Eu.
1216 2947 1218 2954 s

207 2983 251 3037 ⁵1.
269 2983 415 3039 inumeris
425 2988 513 3059 strepit
526 2987 590 3040 aula
602 2989 685 3040 Minis
691 3009 701 3050 ‚·
715 2986 858 3038 tristissimo
872 2985 960 3038 Virtus
970 2984 1028 3036 Stat
1041 2983 1135 3036 medio.
1149 2983 1216 3037 Mire

166 3063 303 3118 infinitum
316 3084 456 3120 numerum
467 3067 556 3134 linxit,
571 3071 671 3140 qnippe
684 3087 734 3141 pro
747 3080 917 3138 peccatorum
929 3083 1026 3136 genere
1034 3068 1091 3136 jam
1102 3066 1218 3118 minatur

166 3143 303 3216 supplicia
317 3146 488 3199 diversorum.
502 3177 538 3188 -
553 3149 707 3202 Tristissimu
722 3148 809 3200 virtus.
824 3147 886 3198 Nou
898 3145 1035 3216 religionis
1049 3159 1095 3198 aut
1110 3149 1216 3219 pietatis

165 3241 252 3278 causa
264 3240 414 3278 commota:
428 3227 473 3278 sed
485 3226 545 3279 irleo
560 3229 587 3280 in
599 3227 652 3280 hoc
663 3227 735 3280 bello
747 3227 849 3278 tristem
860 3224 925 3278 dixit
935 3243 993 3279 esse
1004 3227 1141 3293 virtutem,
1154 3229 1216 3300 qnia

165 3304 318 3377 parricidiis
329 3307 455 3360 militavit.
473 3309 600 3360 Ltcrtnn

204 3397 250 3454 6'2.
269 3402 393 3455 Nondum
402 3403 643 3458 rodiismonstrutrn
652 3403 763 3457 adulter.
777 3405 957 3472 Quaestionem
968 3421 1027 3476 quae
1039 3416 1127 3474 potest
1142 3421 1217 3455 com-

165 3486 284 3550 moreri,
295 3501 376 3556 quere
389 3485 508 3538 adultero
519 3486 597 3536 Marti
606 3484 740 3537 Vulcanus
752 3483 933 3536 habitaculum
943 3483 1092 3548 fundasset,
1103 3489 1202 3554 argutio

166 3565 237 3616 cirne
256 3562 360 3616 divinus
376 3564 429 3616 ltoe
448 3565 508 3617 loeo
530 3579 608 3636 poeta
628 3555 765 3616 dissolvit:
781 3564 844 3616 dicit
858 3567 927 3616 euim
941 3577 1001 3615 aute
1016 3563 1125 3614 domurn
1138 3564 1217 3616 Marti

164 3642 318 3695 Vulcanum
331 3643 489 3710 edificasse,
504 3664 585 3717 quam
600 3646 722 3714 injuriam
740 3657 899 3715 pateretur:
920 3645 981 3714 quia
1002 3642 1043 3694 sol
1062 3641 1142 3693 radiis
1163 3645 1216 3694 suis

165 3721 302 3794 magnifici
318 3723 409 3794 flagitii
420 3723 539 3778 detector
551 3726 633 3776 fuisse
646 3738 775 3776 narratur.
789 3727 917 3777 Ltcrtur.
931 3753 968 3763 -
984 3724 1023 3774 De
1039 3724 1090 3774 isto
1102 3721 1216 3775 Vulcani

165 3817 247 3869 utu,
259 3806 365 3869 confer,
377 3807 400 3856 si
412 3803 490 3872 libet,
507 3803 697 3876 lepidissimum
711 3805 800 3856 Nostri
814 3806 946 3856 Vot‘rtrntt
960 3818 1082 3867 carmen,
1097 3803 1140 3853 cui
1153 3804 1217 3853 titu-

166 3885 225 3951 lus,
239 3883 264 3938 le
276 3885 438 3952 menoccle,
451 3904 484 3936 ort
497 3885 533 3937 lea
543 3883 623 3936 flues
635 3884 666 3936 tle
679 3885 776 3936 Minee.
796 3885 842 3937 En.

204 3981 249 4034 86.
272 3981 306 4032 Ut
319 3982 342 4034 si
355 3980 459 4052 quando
473 3983 540 4048 ruit,
555 3980 743 4053 debellatosque
757 3980 863 4053 reliquit
871 3981 956 4032 Eunu
965 3999 1060 4054 aquus,
1075 3994 1125 4033 etc.
1140 3981 1214 4032 Hauc

165 4062 399 4133 comparationem
414 4065 505 4114 sumsit
521 4063 619 4114 Noster
636 4080 667 4113 cx
681 4060 781 4114 Seneca
797 4061 844 4114 lib.
857 4059 890 4113 de
903 4062 1002 4132 Truuq.
1020 4079 1079 4131 cap.
1098 4080 1132 4112 2:
1149 4061 1216 4114 *Est

165 4141 278 4218 quidum
294 4156 395 4196 tremor
407 4145 485 4196 etiam
501 4142 635 4214 tranquilli
653 4143 745 4210 maiis,
762 4143 906 4206 antiocus,
922 4163 1003 4215 quuru
1016 4162 1046 4194 ex
1061 4155 1216 4214 tempestate

165 4225 332 4298 requievit·
352 4226 387 4278 Et
400 4223 446 4278 lib.
463 4225 497 4277 de
514 4227 607 4278 Brevit.
622 4226 686 4277 Vitae
700 4243 758 4298 cap.
773 4243 803 4278 a:
822 4224 921 4278 aVelnt
938 4227 965 4280 in
983 4223 1118 4295 protunda
1134 4225 1216 4290 uari,
