3284 5162
388 451 455 531 stt
736 480 742 490 ·
786 451 1035 518 excussus
1080 477 1084 486 ι
1185 467 1194 490 ·

385 579 504 643 Norant,
518 576 564 630 sed
575 588 664 648 aptam
674 595 747 628 more
759 594 822 642 suo,
834 575 930 630 abhoc
942 579 995 630 ritu
1004 597 1097 630 vocem
1107 579 1232 630 fortuat’it
1241 575 1436 640 Tertullianus,

385 657 420 710 dc
432 658 567 728 Praescrip.
582 656 815 708 rCommunicatio
829 658 916 728 pacis,
931 669 957 710 et
969 655 1114 729 appellatio
1129 659 1315 724 fraternitatis,
1332 669 1358 708 et
1369 673 1435 706 con-

386 737 522 790 tesseratio
534 735 736 808 hospitalitatis,
749 755 805 807 quse
815 737 874 806 jura
889 755 942 788 non
955 735 1005 788 alia
1019 740 1086 790 ratio
1099 739 1165 808 repit
1175 758 1253 812 quam
1265 735 1384 808 ejusdem
1396 753 1436 787 sa·

386 816 513 868 crementi
523 833 575 866 uua
585 814 701 866 traditio.
712 837 723 861 s
736 815 844 867 Memini
858 814 1002 886 aliquando
1013 815 1114 870 erudite
1124 816 1156 868 de
1168 817 1220 869 hoe
1232 816 1293 869 loco
1304 816 1435 868 disseren-

385 911 438 950 tem
453 913 495 947 me
508 892 650 960 audivisse,
664 892 870 946 eruditissimum
883 893 1066 966 Theologum,
1080 897 1185 948 Petrum
1198 897 1376 961 bernartium,
1388 912 1435 944 co·

385 989 494 1049 gnatum
505 993 611 1041 meum,
622 975 706 1024 virum
718 974 796 1045 plane
808 973 903 1044 (veris,
915 994 969 1026 unu
983 973 1127 1028 ambitiosis
1140 974 1263 1028 laudibus
1276 973 1352 1045 utor)
1367 975 1434 1025 anti·

386 1077 443 1130 qna
454 1059 528 1122 aitte,
540 1053 649 1108 doctum
660 1055 759 1125 pariter
768 1067 794 1106 et
806 1053 928 1126 probum.
941 1053 983 1106 sd
995 1053 1094 1107 bellum
1101 1057 1158 1126 jam
1170 1057 1262 1122 venio,
1274 1058 1300 1110 in
1315 1073 1368 1126 quo
1381 1053 1432 1104 fte-

337 1125 346 1134 *
386 1153 469 1209 quens
479 1136 558 1188 etiam
568 1147 670 1186 tessera
681 1151 757 1197 usus,
773 1133 874 1206 signate
885 1133 918 1186 ad
929 1131 1106 1205 colligendum
1117 1134 1241 1203 militem,
1251 1133 1284 1187 ad
1295 1131 1433 1194 excubias,

386 1216 420 1270 ad
433 1234 559 1290 pugnam.
578 1217 620 1266 De
635 1226 731 1266 tessem
750 1213 783 1266 ad
801 1213 978 1286 colligendum
991 1213 1100 1267 militem
1112 1215 1282 1288 accipiendus
1295 1228 1335 1268 est
1345 1212 1432 1282 Virgi-

384 1299 435 1352 lius
449 1299 512 1365 vn,
527 1314 565 1349 vs.
578 1295 629 1366 637
642 1317 648 1347 r
666 1293 803 1347 «Classica
812 1297 921 1365 jamque
934 1309 1029 1347 sonant
1042 1318 1047 1346 :
1061 1298 1081 1348 it
1093 1295 1164 1349 bello
1176 1311 1275 1350 tessera
1286 1299 1404 1366 signum:
1419 1315 1430 1336 r

383 1379 416 1428 Et
425 1376 550 1447 Papinius
560 1386 652 1425 noster
662 1371 681 1423 l.
691 1373 754 1437 Vll,
766 1389 804 1422 vs.
820 1373 885 1442 237:
901 1373 1004 1444 «longo
1017 1374 1084 1445 fugit
1096 1374 1190 1430 ordine
1202 1375 1277 1428 velox
1289 1376 1410 1426 Tessera-
1419 1393 1430 1415 ι·

384 1456 424 1508 De
437 1473 468 1507 ea
479 1473 535 1526 qua
547 1453 580 1506 ad
592 1451 715 1505 excubias
728 1463 817 1524 aperte
829 1450 899 1503 idem
910 1451 1024 1506 Statius:
1042 1476 1053 1498 s
1063 1453 1107 1505 dat
1120 1467 1218 1508 tessera
1230 1457 1334 1526 signnm
1345 1453 1433 1504 Excu-

384 1535 451 1602 biis,
468 1535 612 1606 positaque
628 1532 729 1584 vices·
753 1529 877 1601 Exempla
896 1534 995 1602 passim
1007 1531 1111 1586 obviam
1130 1537 1157 1586 iu
1176 1534 1286 1587 historia
1302 1533 1431 1584 Romans.

384 1616 442 1666 Nec
457 1613 518 1665 ideo
535 1625 623 1664 tamen
638 1611 716 1662 velim
734 1612 881 1677 existimes,
895 1614 1051 1684 Pupiniam,
1066 1632 1138 1667 more
1151 1633 1213 1678 suo,
1229 1614 1344 1666 Graecam
1358 1610 1431 1663 litem

383 1695 506 1746 llomauo
519 1693 579 1762 jure
590 1688 722 1742 decidere.
737 1691 805 1742 Nam
820 1702 845 1742 et
860 1690 931 1762 apud
948 1692 1032 1744 Grac.
1048 1705 1151 1746 tessera
1165 1693 1244 1765 hujus
1258 1711 1336 1746 usum
1349 1692 1432 1743 fuisse

385 1775 481 1827 diserte
494 1771 587 1823 asserit
593 1771 737 1822 Pausanias
744 1767 879 1820 Phocicis:
891 1772 972 1823 immo
984 1769 1057 1842 apud
1066 1774 1157 1827 Persas
1166 1770 1387 1846 Xenophon,lib.
1399 1771 1433 1822 lll

386 1867 413 1908 et
423 1855 477 1905 Vll.
494 1853 631 1903 Tesseram
643 1848 678 1901 ad
696 1867 813 1920 pugnam
826 1851 921 1918 luisse,
938 1851 1026 1905 elicias
1038 1873 1068 1905 er
1084 1854 1168 1906 Taciti
1184 1855 1244 1908 loco
1260 1855 1433 1919 Historiarum

385 1937 435 1987 lll:
454 1931 573 1985 »Eadem
588 1943 701 2002 utraque
719 1931 775 1982 acia
792 1949 880 1997 arma,
895 1931 994 1985 crebris
1010 1933 1260 2006 interrogationibus
1275 1947 1367 1986 uotum
1382 1951 1434 2004 pu·

387 2034 444 2087 gna
457 2015 558 2082 signum
571 2033 599 2062 :-
617 2024 687 2063 recte
702 2013 755 2062 ait:
769 2010 1024 2084 interroqntiom'ltuu
1039 2033 1100 2066 uam
1118 2005 1216 2068 vocalis
1231 2035 1270 2068 ea.
1285 2017 1385 2068 Hirtius
1399 2010 1434 2063 de

387 2093 460 2146 Bello
472 2093 614 2142 Africano:
631 2089 740 2142 «Caesar
752 2092 827 2162 signo
837 2091 979 2144 Felicitatis
989 2092 1067 2156 dato,
1080 2113 1149 2166 equo
1163 2095 1278 2149 admisso
1289 2098 1317 2147 in
1329 2093 1434 2147 ltostetn

386 2179 424 2229 ire
436 2171 583 2226 contendit.
595 2193 606 2217 ι
618 2173 733 2242 Respicit
743 2169 811 2222 hanc
823 2174 900 2223 etism
909 2175 1051 2226 Suetonius
1061 2175 1189 2242 Octavio,
1199 2197 1257 2248 cap.
1265 2179 1341 2230 xvi:
1358 2197 1368 2220 ι
1378 2171 1433 2225 Sul>

386 2255 480 2308 horam
491 2269 585 2323 pugnae
595 2263 648 2301 tam
658 2264 732 2301 arcto
742 2265 851 2321 repente
860 2269 954 2303 somno
964 2253 1115 2322 devinctus,
1123 2270 1152 2308 ut
1163 2257 1196 2310 ad
1204 2256 1319 2310 dandum
1330 2257 1434 2324 siguum

321 2330 324 2340 ’
387 2335 421 2388 ab
439 2333 528 2386 amicis
544 2329 733 2382 excitaretur..
750 2331 872 2402 Denique
887 2333 965 2397 scito,
984 2335 1023 2385 uti
1033 2333 1216 2406 frumentaria
1230 2347 1324 2390 tesseroe
1341 2345 1432 2398 erant,

386 2418 423 2468 ita
434 2413 556 2476 olearias,
566 2408 662 2481 quibus
675 2407 778 2477 oleum,
789 2412 929 2480 eoenorias,
944 2415 1039 2486 quibus
1047 2435 1139 2486 coena,
1151 2419 1324 2485 nummarios,
1337 2413 1434 2488 quibus
1477 2427 1481 2438 ·

389 2495 488 2546 nummi
504 2491 695 2563 preberentur,
709 2491 799 2543 fuisse.
811 2491 952 2545 Postremo
967 2493 1119 2548 observabit
1130 2500 1269 2568 juventus,
1283 2499 1434 2566 Principum

387 2592 442 2628 eto
454 2575 492 2624 ita
506 2570 644 2623 inolevisse
657 2580 813 2622 tesserarum
825 2589 918 2638 usum,
934 2588 962 2626 ut
976 2594 1025 2646 per
1035 2590 1162 2630 tesseram
1175 2577 1298 2652 quaelibet
1310 2575 1435 2629 mandata

387 2654 522 2706 darentur.
542 2648 697 2714 Suetonius,
710 2647 810 2716 Galba,
827 2669 850 2702 c.
862 2652 916 2703 Vl:
937 2653 1087 2708 «sollemni
1105 2658 1173 2709 forte
1190 2657 1342 2730 spectaculo
1356 2656 1436 2728 plau·

387 2734 478 2785 dentes
494 2729 626 2793 inhibuit,
641 2727 702 2780 dats
720 2743 820 2782 tessera
832 2745 861 2795 ut
872 2749 966 2784 manus
982 2734 1086 2804 penulis
1102 2739 1298 2791 continerent·
1316 2737 1435 2788 Ammia-

387 2833 437 2868 nus
456 2836 462 2865 :
483 2837 493 2860 ι
505 2813 553 2864 Per
566 2824 690 2863 tesseram
703 2809 791 2862 edicto
803 2813 911 2875 itinerc3
923 2835 934 2860 s
951 2811 1028 2879 dico,
1042 2817 1195 2890 Principum
1211 2838 1264 2872 oeoo
1281 2819 1435 2891 frequentia

387 2911 483 2954 cnusa;
498 2909 559 2944 uam
571 2889 652 2942 libers
665 2888 812 2962 Republica
825 2885 903 2945 etiam
915 2909 988 2945 usus.
1009 2895 1136 2948 beantur.

425 3051 483 3104 106.
502 3051 561 3122 Ipse
572 3059 658 3101 autem
672 3069 773 3104 vacuus.
787 3053 854 3102 Ante
867 3049 937 3103 hunc
950 3071 1052 3106 versum
1065 3073 1109 3107 sex
1122 3055 1189 3109 alios
1202 3078 1216 3110 e
1229 3055 1299 3110 MSS.
1312 3055 1434 3127 prolatos

386 3129 599 3197 lindenbrogio,
612 3141 671 3198 post
682 3141 708 3180 et
718 3130 768 3181 Au.
780 3127 905 3196 Schotto,
914 3149 964 3182 nos
975 3149 1082 3204 quoque
1094 3135 1120 3186 in
1132 3153 1176 3186 sex
1185 3133 1322 3189 codicibus
1332 3136 1435 3186 inseni-

387 3227 458 3276 mus,
475 3222 500 3260 et
515 3221 575 3259 snut
590 3210 699 3259 omnino
714 3207 863 3261 excellentis
878 3211 971 3262 Poetae.
993 3212 1073 3280 Quod
1090 3216 1175 3284 ipsum
1192 3213 1318 3268 Somnum
1335 3218 1433 3288 passim

387 3289 477 3338 lictum
489 3287 579 3356 posuit
590 3283 741 3351 Vulcanus,
756 3285 825 3337 idem
846 3289 907 3339 iecit
923 3289 950 3339 iu
965 3292 1036 3360 regia
1047 3291 1138 3344 Martis
1149 3291 1195 3344 lib.
1211 3293 1321 3361 vt1‚56
1336 3307 1362 3346 et
1373 3312 1432 3366 sqq.

840 3417 907 3428 .....
917 3372 1041 3453 tubaque
1050 3387 1115 3436 ferro

574 3549 579 3559 .
598 3549 604 3558 .
624 3549 629 3559 .
649 3549 653 3557 .
672 3509 758 3576 ubique
769 3517 860 3577 ipanus,
871 3517 968 3564 sednon
979 3533 1075 3582 utquam
1085 3537 1125 3569 ore
1135 3503 1229 3570 remissis

572 3583 747 3702 gpppppae'erat:
758 3585 823 3632 meta
832 3586 910 3632 slirina
918 3587 1033 3671 Mulciber
1042 3604 1091 3636 arte
1189 3616 1192 3624 ·

386 3755 475 3822 Quam
489 3757 553 3805 scite
567 3767 672 3822 autam,
686 3774 745 3828 qna
758 3759 870 3811 maxima
881 3773 1024 3812 causantur
1036 3776 1173 3827 somnum,
1190 3776 1236 3814 snt
1249 3765 1276 3815 in
1291 3780 1351 3816 eum
1366 3762 1434 3816 desi·

385 3848 470 3900 nunt,
482 3853 512 3886 ea
525 3833 634 3887 diversis
648 3838 674 3886 iu
687 3836 770 3890 dietis
783 3857 843 3890 cum
857 3841 956 3892 Somno
966 3844 1070 3913 jacent!
1087 3843 1128 3895 sio
1139 3843 1262 3914 Virgilius
1276 3845 1302 3894 iu
1316 3858 1389 3896 sexto
1402 3863 1433 3896 ea

386 3915 521 3967 locatitia
534 3913 608 3967 aditu
620 3917 780 3985 interorum,
795 3933 854 3991 qua
866 3922 953 3972 vicina
965 3933 1026 3974 sunt
1037 3925 1133 3991 morti,
1148 3940 1192 3976 aut
1205 3923 1351 3978 secundum
1364 3944 1434 3976 mor-

385 4008 438 4047 tem
450 4008 589 4061 creantur,
606 4009 652 4047 aut
663 3997 690 4047 iu
704 4011 788 4049 morto
800 4011 879 4066 sunt,
896 4013 924 4052 ut
936 4000 1059 4054 observat
1069 4004 1182 4056 Servius.
1199 4003 1367 4077 Voluptatem
1379 4005 1435 4076 pri-

386 4095 455 4127 mam
462 4115 471 4143 ,
478 4079 554 4146 cujus
560 4079 636 4145 juxta
646 4079 733 4128 vivum
742 4078 892 4151 exemplum
904 4081 977 4152 apud
986 4085 1137 4136 Petronium
1148 4085 1175 4134 iu
1187 4081 1435 4152 bacchanaliQuar-

384 4153 460 4221 tillae,
472 4156 615 4208 Homerum
626 4157 699 4209 lovis
711 4157 739 4208 in
751 4156 795 4209 ida
803 4159 960 4230 ,vvis-gisum
969 4161 1094 4228 Vulcani,
1105 4166 1164 4216 AEu.
1174 4161 1221 4214 lib.
1232 4165 1305 4229 Vlll,
1318 4181 1355 4216 vs.
1367 4160 1432 4228 405,
