3194 5156
402 473 469 540 568
611 476 647 539 P.
674 473 709 536 P.
736 473 891 538 sustu
916 473 1244 541 ACHILLEIDOS

448 597 640 667 indubitata
649 615 769 666 tenens
780 595 1222 692 mutolegitamllolosso

447 715 608 793 Venator,
622 709 734 778 videat
742 709 852 779 doueo
863 711 927 778 sub
938 709 1115 779 fiuudibus
1129 711 1260 780 bostem

448 827 643 890 Porsucutm
655 845 793 902 somno,
809 825 1005 917 positosque
1016 826 1053 888 in
1064 825 1191 916 oespite
1204 821 1332 891 dentes.
1418 839 1450 904 7⁵

494 941 623 1002 Rumor
633 937 668 1001 in
679 958 802 1002 ainana
810 932 1014 1026 jamdudum
1025 938 1206 1028 perstrepit
1214 933 1310 1016 aula,

447 1044 640 1136 Virginibus
652 1069 720 1139 qua
729 1045 797 1114 lida
809 1045 948 1124 domus,
960 1049 1092 1114 venisse
1104 1045 1281 1138 Pelasgum

447 1161 630 1238 Ductores,
644 1161 848 1253 Graiamque
860 1175 983 1240 tatem,
996 1161 1173 1253 sotiosque
1182 1173 1346 1250 receptos.

447 1273 529 1336 lure
541 1289 665 1362 pavent
675 1269 750 1338 alite
763 1297 772 1338 ι
783 1271 844 1338 sed
859 1274 913 1338 tir
924 1295 1012 1338 nova
1023 1271 1146 1363 gaudia
1156 1269 1244 1338 celat

449 1381 1196 1480 Pelides‚avidusqueuovosberoasetarma
1418 1395 1453 1446 80

448 1491 508 1559 Vel
522 1491 596 1560 talis
608 1493 731 1561 vidisse
743 1497 835 1587 cupit
847 1520 855 1558 ε
867 1496 1008 1590 jamque
1018 1496 1102 1560 attia
1113 1494 1244 1560 fervent

448 1601 560 1696 Regali
574 1607 732 1697 strepitu,
745 1621 780 1672 et
790 1608 881 1698 picto
892 1604 1116 1672 discumbitur
1126 1621 1229 1672 ostro.

401 1863 406 1870 ’
437 1869 480 1935 73.
492 1868 641 1920 indubitato
656 1881 744 1922 uum
756 1879 829 1920 muto
843 1869 908 1944 lepit
948 1873 976 1922 in
987 1873 1050 1942 lleg
1059 1871 1094 1924 C:
1106 1895 1118 1918 ι
1128 1871 1220 1941 incipit
1232 1867 1299 1920 liber
1310 1879 1431 1939 quartus.
1441 1890 1453 1911 ·

400 1965 463 1998 arua
476 1945 598 2000 Molosso.
609 1950 673 2019 liefp
687 1947 810 2014 Habet,
821 1949 906 2002 stulto
985 1969 1030 2021 77.
1046 1951 1195 2026 qutnitu
1210 1967 1261 2020 qua
1272 1945 1334 2020 fide
1350 1946 1456 1998 domus.

402 2026 534 2100 tepitarva
545 2026 659 2082 Molosso
671 2041 697 2080 et
709 2047 804 2100 supra:
816 2048 906 2090 annu
948 2030 1025 2096 Erat,
1037 2044 1065 2082 ut
1072 2033 1128 2102 jam
1137 2029 1249 2082 diximus
1259 2025 1344 2080 Tbeb.
1354 2029 1381 2092 l,
1393 2026 1457 2091 534,

402 2107 467 2176 Reg.
477 2105 499 2158 C
509 2120 624 2158 nostram
635 2107 697 2159 lect.
709 2110 756 2160 lio.
769 2138 805 2148 -
816 2107 906 2160 Multo
950 2112 977 2162 in
998 2111 1122 2162 interiore
1144 2127 1176 2160 ac
1196 2109 1336 2160 secretiore
1356 2104 1458 2156 adium

401 2184 512 2254 (muto)
528 2185 649 2241 Molosso·
666 2190 738 2240 Caue
752 2189 904 2260 Epirotico:
949 2203 1043 2260 pane,
1061 2203 1087 2241 et
1100 2187 1276 2259 Gyuoeeout'lis
1289 2185 1392 2238 Grecis
1410 2203 1459 2255 ap-

401 2281 463 2314 uam
471 2263 597 2316 Molossia
603 2283 665 2336 pars
672 2267 742 2338 Epiri
748 2268 906 2338 optimisca-
949 2269 1113 2342 pellabatur,
1124 2270 1223 2320 Latinis
1234 2269 1405 2337 Gyuoeceusst.
1413 2265 1459 2316 Vi·

318 2339 322 2354 '
401 2341 606 2415 uibusiusiguis.
616 2373 654 2384 -
666 2347 752 2398 Muto.
762 2345 868 2396 Gratius
877 2345 905 2396 iu
950 2349 984 2401 de
994 2351 1143 2400 Vitruvium
1152 2347 1198 2400 lib.
1210 2347 1264 2412 Vl,
1276 2365 1336 2417 cap.
1353 2361 1398 2395 to.

400 2421 561 2493 Cyuefietieo
570 2423 603 2476 de
613 2441 695 2476 caue:
707 2425 754 2476 231
769 2447 781 2470 ι
791 2425 832 2475 Ne
841 2441 906 2475 voce
985 2426 1029 2498 78.
1046 2427 1185 2500 Sociosque
1196 2435 1315 2496 receptos.
1334 2425 1461 2496 Λιμο-

400 2502 540 2554 lacesseret
558 2503 696 2555 buttem·
715 2503 839 2555 Lucanus
858 2503 904 2555 lib.
950 2503 1027 2559 mede
1040 2505 1148 2558 scilicet.

401 2581 446 2643 IV,
459 2581 512 2648 440
522 2597 597 2652 seqq.
619 2583 758 2634 evenatue
769 2594 841 2633 tenet
857 2599 905 2634 ora
986 2601 1029 2654 79.
1039 2586 1103 2636 Jure
1116 2593 1213 2655 pauent
1223 2581 1292 2633 ulio.
1311 2580 1399 2631 «Non
1415 2599 1460 2632 so-

401 2657 466 2712 leris
486 2657 602 2712 ohmoea
618 2661 744 2728 Molossi,
760 2661 905 2732 Spartanos
949 2663 1076 2716 licitauda
1088 2675 1127 2714 est
1138 2662 1461 2731 becceriptura3reteres

401 2740 546 2812 Cretasque
559 2740 641 2813 ligati
657 2761 708 2795 nec
719 2741 840 2794 ereditur
852 2742 906 2795 ulla
950 2759 1038 2798 tamen
1051 2745 1108 2798 duo
1120 2743 1181 2796 libri
1197 2744 1268 2794 Mira
1282 2752 1386 2813 pauent
1398 2741 1462 2793 ulie

402 2818 472 2872 Silva
482 2823 558 2884 cani,
569 2823 619 2874 uisi
632 2823 677 2894 qui
691 2841 783 2893 presso
795 2823 906 2893 vestigia
951 2829 1100 2878 reteruut.·
1114 2825 1210 2876 Binan.
1220 2851 1256 2862 -
1264 2823 1337 2873 Jure.
1346 2821 1462 2887 Merito,

401 2913 488 2952 rosim
500 2899 620 2972 Colligit,
631 2916 658 2954 et
670 2901 759 2972 prule
772 2904 856 2953 nescit
868 2902 909 2952 la-
951 2920 981 2958 ut
993 2905 1070 2959 dec'et
1084 2904 1239 2957 muliebrem
1251 2921 1342 2954 sexum
1352 2903 1461 2953 timere.

400 2994 472 3034 trare
486 2995 608 3052 reperta,
627 2984 774 3036 Contentus
793 2983 907 3036 tremulo
950 3015 986 3026 ·-
999 2983 1077 3038 Alite.
1089 2987 1182 3035 Praeter
1196 2977 1333 3032 Achillem.
1347 2979 1463 3030 Merca.

401 3077 562 3115 monstrasse
578 3065 679 3117 cubilia
699 3065 792 3116 loru·
817 3067 906 3115 Arno·
951 3066 1047 3116 -Viu
1064 3060 1139 3114 celat.
1156 3061 1229 3128 Quin
1245 3062 1300 3131 ipse
1314 3057 1464 3130 eloquatur

400 3141 460 3194 bius
478 3141 524 3194 lib.
541 3143 578 3210 ll,
596 3143 730 3196 miraculis
745 3157 845 3196 naturae
857 3162 907 3196 au-
952 3157 979 3196 et
991 3141 1079 3218 palam
1094 3161 1122 3196 se
1134 3140 1239 3215 prodat.
1250 3144 1316 3191 Ver.
1331 3139 1431 3193 scuou

401 3237 533 3289 numerat,
544 3242 672 3290 «canem,
683 3243 766 3296 quum
776 3224 907 3277 invenerit
986 3225 1029 3278 80.
1055 3221 1179 3286 Pelides,
1205 3219 1348 3292 avidusque
1380 3237 1465 3271 nouos

399 3300 662 3372 predam‚eobibere
679 3317 704 3356 et
718 3305 856 3356 continere
866 3303 906 3355 la·
951 3304 1040 3356 beruas
1053 3315 1079 3356 et
1089 3321 1172 3354 unua.
1183 3303 1247 3372 Reg.
1261 3301 1281 3350 Β
1295 3297 1398 3364 babet,
1413 3301 1464 3351 Pe·

399 3394 506 3434 tratum.
522 3406 534 3429 ι
550 3382 689 3453 Oppianus
706 3380 804 3454 Cyneg.
823 3381 869 3434 lib.
885 3385 904 3434 l.
951 3385 1026 3450 lides,
1036 3385 1177 3456 auidosque
1190 3399 1269 3435 nouos
1282 3380 1374 3431 lemur
1385 3391 1464 3430 etur·

399 3458 465 3510 Mid'
475 3459 731 3526 itdtsrilitumiaesi
741 3457 815 3526 μὺι
822 3461 906 3529 &spev-
950 3485 1011 3526 mu3
1024 3467 1088 3534 Req.
1101 3465 1123 3518 C
1134 3475 1251 3516 nostram
1264 3461 1325 3512 lect.
1338 3461 1389 3511 En.

397 3539 463 3606 rim
476 3539 537 3606 1¹71*
549 3529 644 3606 tilieti:
659 3540 728 3602 im,
743 3537 869 3606 ηιόξοχι
880 3540 905 3589 θ’
986 3547 1029 3597 81.
1045 3543 1096 3597 Vel
1106 3541 1174 3596 tulis.
1189 3543 1273 3593 Etiam
1285 3537 1357 3602 talis,
1369 3537 1401 3592 id
1415 3553 1466 3606 est,

398 3616 537 3689 ι’χιοντὶμι.
549 3643 560 3666 α
571 3623 627 3673 Nec
637 3620 733 3673 latrare
742 3619 839 3684 velint,
850 3639 905 3692 quo
949 3623 976 3674 in
983 3622 1077 3674 babitu
1086 3620 1217 3685 muliebri,
1230 3618 1302 3692 quod
1309 3617 1465 3671 dedecebat

398 3701 470 3754 niam
486 3701 643 3756 venantibus
662 3715 740 3774 apta,
761 3700 812 3754 Sed
830 3720 905 3773 mage
949 3704 1043 3754 fortem
1052 3704 1136 3752 tirum
1148 3695 1467 3765 virusfoetes‚inhabitu

398 3780 547 3854 querendis
569 3795 663 3852 optata
681 3780 784 3833 silentia
805 3779 903 3834 lustris.
950 3781 1071 3833 muliebri
1088 3779 1230 3832 videre-
1245 3775 1302 3832 Vct.
1319 3779 1394 3848 Ergo
1414 3797 1465 3848 pro

401 3861 536 3928 *Quidam
550 3861 656 3914 codices
674 3860 777 3913 babent
789 3860 883 3914 multo.
949 3864 1036 3914 etiarn.
1050 3859 1192 3932 Virgilius,
1206 3857 1307 3912 AEneid
1323 3858 1376 3923 ΣΙ,
1393 3857 1464 3930 ²59:

432 3942 476 4012 74.
492 3943 609 3996 Hostem.
620 3945 732 4015 Aprum.
952 3940 1023 3992 avet
1040 3942 1143 3992 Priamo
1159 3936 1308 3994 miserenda
1327 3954 1463 3990 manus.-

434 4019 477 4090 75.
492 4023 652 4074 Pomorum.
668 4023 849 4086 prostratum,
861 4020 905 4070 fu·
985 4018 1028 4070 82.
1041 4016 1135 4089 Reqali
1147 4017 1269 4088 strepitu,
1286 4027 1311 4067 et
1321 4015 1399 4086 picto
1411 4015 1468 4068 dis-

399 4119 457 4152 sum
469 4099 551 4152 bumi.
567 4101 689 4154 Butrium
948 4096 1081 4148 cumbitur
1087 4106 1161 4149 ostro.
1171 4097 1229 4147 Put.
1238 4105 1264 4147 et
1267 4096 1340 4167 picto
1347 4091 1466 4148 discum·

435 4177 477 4247 76.
492 4181 599 4232 Rumor.
608 4181 671 4231 Port
684 4176 757 4233 bunc
771 4197 797 4232 v.
808 4177 905 4249 legitur
950 4179 1021 4231 bitur
1032 4196 1105 4232 auro.
1115 4177 1179 4250 Rep.
1192 4177 1216 4250 B,
1224 4174 1307 4230 babet
1313 4174 1389 4228 bunc
1400 4175 1464 4230 leet
