3194 5156
347 507 412 590 tat
556 509 592 574 P.
618 509 652 572 P.
677 509 833 576 s'rarlt
856 509 1186 578 ACHILLEIDOS

392 633 825 730 Nate,fe,res,cornitesque
840 632 949 704 modis
961 629 1136 704 imitabere
1147 637 1249 720 fictis,
1344 651 1396 719 ³40

390 749 440 813 Ne
452 761 485 813 te
496 761 691 838 suspectum
704 743 800 814 molli
812 767 882 813 nun
894 747 1033 814 misceat
1043 745 1132 814 auiae

390 863 523 939 Hector,
536 873 569 924 et
581 857 705 949 incepti
719 872 859 950 pereant
870 855 1046 924 mendacia
1058 857 1150 924 furti.
1165 887 1178 918 ι

390 970 541 1048 Dixit,et
553 966 690 1036 admoto
702 991 772 1036 uon
784 983 894 1036 cessat
905 990 1040 1036 contere
1052 984 1156 1037 tactu.

390 1079 443 1146 Sic
456 1076 513 1145 ubi
524 1080 684 1171 virgineis
697 1083 821 1146 Hecate
832 1077 961 1146 lassata
972 1078 1139 1172 pharetris

390 1185 441 1254 Ad
452 1203 585 1280 patrem
596 1187 804 1282 fratremque
816 1185 1045 1270 redit,comes
1058 1186 1164 1256 haeret
1175 1193 1269 1258 eunti
1344 1202 1397 1269 345

390 1302 511 1382 Mater,
525 1314 558 1366 et
569 1300 643 1392 ipsa
654 1297 815 1366 humeros
828 1313 1011 1393 exertaque
1024 1297 1162 1366 brachia
1173 1298 1279 1383 velat;

394 1414 472 1501 Ipsa
485 1433 603 1478 arcum
615 1409 879 1505 pharetramque
890 1409 994 1494 locat,
1007 1426 1185 1506 vestesque
1196 1409 1339 1480 latentes

290 1515 292 1524 ⁴
391 1518 552 1604 Deducit,
567 1545 771 1617 sparsosque
783 1520 898 1589 studet
909 1545 1113 1616 componere
1126 1523 1249 1590 crines

380 1684 441 1750 342.
459 1687 490 1737 Ii.
509 1703 531 1736 e.
553 1684 570 1736 i.
587 1697 699 1758 pereant
713 1681 848 1739 mertdacr'h
929 1687 991 1756 346.
1011 1689 1104 1740 Mater.
1126 1691 1238 1740 Latona.
1250 1717 1286 1727 -
1298 1687 1398 1740 Hume-

337 1763 418 1834 furti.
428 1763 526 1816 Barthii
533 1777 584 1816 vet.
593 1763 654 1815 cod.
662 1773 771 1837 pateant
779 1783 849 1815 meu·
894 1785 947 1835 ros,
964 1777 1102 1840 exertaque
1116 1766 1229 1820 brachia.
1243 1767 1278 1818 Ut
1292 1766 1396 1818 facilius

344 1842 430 1896 dacia.
894 1863 984 1898 arcum
999 1843 1126 1898 flecteret.

380 1923 441 1992 343.
461 1924 494 1976 D.
506 1943 531 1975 e.
548 1945 573 1975 a.
590 1942 642 1976 uon
659 1936 737 1977 cessat
749 1941 849 1976 comere
930 1925 993 1995 347.
1011 1925 1072 1996 Ipsa
1091 1943 1179 1978 arcum
1196 1923 1399 1996 pharetramque

345 2013 422 2054 tactu.
444 2005 500 2055 Pur.
520 2022 572 2055 uon
593 2003 670 2056 distat
688 2022 795 2055 camere.
813 2031 851 2043 -
894 2005 976 2071 locat,
988 2002 1399 2078 vatesquetarenras.ca‹trl.1.in-

343 2083 407 2152 Refl-
424 2083 444 2132 Β
463 2080 545 2134 hahet
564 2081 632 2134 hant·
652 2082 713 2133 lect.
730 2083 793 2152 lieg·
811 2083 850 2147 C,
894 2086 1034 2158 denbrogii
1045 2108 1051 2137 ι
1063 2086 1247 2160 pharetrasque
1257 2087 1338 2159 perit,
1356 2101 1398 2136 ue·

345 2181 397 2214 trau
410 2173 487 2214 cessat
499 2181 600 2214 comere
612 2174 705 2214 tractu.
893 2178 1007 2238 stentque
1019 2164 1157 2217 labentem.
1169 2167 1230 2218 Ere.
1242 2166 1320 2234 Burg.
1332 2163 1400 2236 pha·

380 2240 441 2306 344.
454 2240 497 2293 Sic
506 2241 550 2292 uhi
562 2240 684 2314 viryr'uer's
693 2241 790 2292 Hecate
800 2238 849 2292 lar·
895 2257 1039 2316 tetramque
1043 2243 1119 2316 perit.
1128 2245 1236 2314 -Rep
1248 2242 1381 2294 Berhibet
1387 2281 1398 2308 ,

343 2335 399 2376 sata
411 2321 550 2394 pharetris.
565 2323 663 2374 Hecate
683 2321 771 2375 luxata
786 2325 847 2374 Exc.
892 2323 1075 2398 pharetrasque
1093 2320 1179 2389 locat,
1200 2334 1343 2394 vestemque
1357 2321 1400 2373 Ia-

344 2405 422 2472 liurss.
438 2431 472 2442 -
491 2403 555 2472 Reg.
576 2402 729 2473 Bpraebet,
751 2404 850 2458 Hecate
895 2413 1005 2460 teatemr
1024 2401 1090 2470 Reg.
1106 2399 1141 2464 C,
1157 2399 1343 2471 pharetrasque
1356 2396 1399 2450 la-

345 2483 438 2536 [auara
448 2481 604 2553 therapiuis,·
614 2483 677 2553 Reg.
691 2483 849 2534 Bnostraru.
894 2491 949 2545 cat,
966 2489 1093 2550 vestesque
1107 2477 1222 2531 latentes.
1242 2479 1288 2529 Eu.
1302 2507 1336 2519 —
1348 2477 1401 2528 Ia·

343 2561 391 2614 Eu.
410 2589 447 2604 -
464 2561 507 2613 Sic
525 2562 569 2612 uhi
585 2561 713 2634 uirgineis.
732 2563 850 2626 Hecate,
895 2557 1398 2613 renerusabduausmorereaaarinm:

344 2643 445 2706 Diana,
458 2659 515 2712 que
527 2640 620 2692 esdern
633 2655 659 2692 et
671 2643 743 2691 Luna
757 2653 810 2704 est,
824 2653 851 2691 et
895 2637 1019 2690 videntur
1034 2640 1103 2690 enim
1120 2649 1206 2689 vestes
1223 2635 1316 2703 latere,
1334 2635 1401 2686 duur

344 2723 382 2770 sic
396 2733 507 2772 uocatur
527 2717 599 2791 quod
618 2718 699 2788 longe
718 2717 807 2770 radios
824 2730 851 2769 et
895 2716 1031 2770 subducte
1044 2736 1075 2770 ac
1088 2719 1230 2770 succinctte
1243 2730 1314 2770 sunt.

344 2797 435 2849 lurueu
447 2816 522 2848 suum
535 2798 610 2867 jacit,
623 2795 758 2852 incircuitu
771 2796 850 2870 lotape
930 2797 991 2864 348.
1013 2797 1140 2865 Deducit,
1155 2813 1302 2871 sparsosque
1315 2793 1403 2849 undet

345 2889 393 2929 est.
410 2877 540 2929 Hesiodus
557 2880 583 2930 in
600 2875 701 2947 Theog.
723 2880 848 2929 Hecatam
894 2896 1049 2951 componere
1068 2879 1157 2930 crines.
1177 2877 1307 2943 Didueit,
1326 2893 1402 2948 spara

345 2957 410 3010 dicit
429 2977 483 3010 uon
504 2977 561 3010 etse
579 2962 782 3031 Proserpinam,
802 2957 849 3010 sed
894 2955 1404 3032 stumquetumetcomponerecriuemie·

344 3037 423 3088 uliam
442 3039 559 3089 Asteries
576 3039 673 3090 sororis
692 3039 800 3090 Latonae
820 3037 851 3087 ii·
896 3042 932 3110 gir
948 3042 1017 3091 Dru.
1033 3041 1124 3092 lieins.
1139 3036 1172 3090 ud
1190 3035 1329 3090 Claudiae.
1342 3037 1405 3102 XV,

344 3118 421 3182 iiam,
437 3130 463 3169 et
474 3119 561 3170 Persei
574 3119 661 3170 fratris
679 3119 788 3184 Astraei,
807 3119 851 3168 cui
896 3116 1403 3187 Beii.Giid.330.—Reg.Blrabegrpur·

344 3197 553 3268 iuppitervimet
562 3210 719 3268 potestatem
728 3199 753 3249 in
763 3199 851 3248 omnia
894 3219 985 3274 sosque
996 3201 1070 3252 timet
1075 3221 1084 3260 ,¹
1099 3199 1161 3268 Reg.
1173 3199 1194 3248 C
1207 3211 1323 3250 nostram
1338 3195 1404 3248 lect.

345 3279 478 3328 concessit
495 3276 643 3342 elementa,
662 3275 734 3328 unde
753 3278 852 3327 Hecate
896 3278 1405 3352 Eu.-Sparrosquestudetcompauere

345 3357 510 3407 existimatur
521 3357 623 3422 vocari,
636 3353 718 3408 irarir
733 3357 804 3407 euim
817 3357 850 3406 si·
896 3358 985 3410 σήπει.
1007 3361 1067 3410 Non
1086 3355 1299 3409 contemnendus
1313 3354 1403 3408 liber:

345 3435 452 3502 gnificat
464 3445 583 3500 eentum,
598 3437 660 3507 quia
672 3436 788 3486 infinitas
801 3433 850 3488 ha·
895 3457 1044 3510 sparsosque
1057 3449 1138 3490 tumet
1149 3455 1302 3510 componere
1311 3437 1403 3488 crines.

346 3513 405 3564 huit
416 3527 573 3584 potestates.
588 3513 713 3584 Orpheus
725 3516 750 3564 in
764 3517 850 3584 Argo·
896 3521 978 3588 Quasi
1000 3518 1070 3572 dicat
1091 3519 1220 3570 Latonam
1242 3517 1294 3570 hec
1311 3515 1405 3570 officio

346 3607 422 3645 naut.
436 3593 566 3664 triplicem
579 3593 648 3646 hauc
661 3593 726 3646 dicit
737 3613 811 3660 esse,
826 3607 851 3646 et
896 3597 1047 3670 superbire,
1057 3597 1195 3649 ambitiose
1204 3597 1230 3647 iu
1239 3615 1270 3648 eo
1279 3614 1306 3648 se
1314 3607 1407 3648 osten·

347 3674 396 3724 tria
408 3670 508 3724 babere
523 3677 627 3745 capitu,
639 3673 759 3725 deutrum
772 3676 851 3746 equi,
896 3691 966 3742 tare,
977 3690 1006 3728 ut
1017 3677 1162 3728 ornatrices
1173 3673 1259 3727 soient
1270 3675 1341 3746 apud
1353 3675 1406 3728 do-

346 3755 483 3804 sinistrum
495 3755 582 3817 cauis,
593 3753 709 3806 medium
721 3753 851 3821 hominis,
897 3759 995 3818 mium
1014 3754 1115 3808 nerium
1134 3771 1218 3807 mater
1232 3755 1304 3826 apud
1324 3753 1406 3808 talem

347 3843 373 3880 ut
392 3829 500 3900 quidem
520 3832 621 3882 rustici.
635 3831 775 3902 Virgilius,
791 3835 850 3885 AEu.
896 3836 991 3903 filiam,
1003 3855 1097 3908 exque
1109 3837 1187 3887 toties
1201 3832 1253 3901 itti,
1264 3837 1286 3888 si
1297 3834 1407 3888 vatibus

346 3910 391 3975 lv,
404 3908 452 3962 5¹1
465 3931 471 3960 ι
490 3911 749 3983 uTergemiuamque
765 3914 852 3964 Heca·
897 3914 975 3978 fides,
987 3928 1157 3987 uper-tentent
1169 3913 1266 3985 gaudia
1276 3928 1383 3985 pectus.
1394 3939 1405 3960 ι

346 4005 404 4056 teu,
421 3993 471 4042 tria
489 3993 597 4060 virginis
616 4011 660 4044 ora
676 3995 776 4044 Diauae.
788 4017 800 4041 ι
816 4024 852 4033 -
898 3993 987 4066 (virg.
1004 3995 1105 4048 AEneid.
1121 3997 1145 4057 1,
1161 3994 1234 4065 502.)
1247 3996 1410 4048 Gronov.—

348 4069 489 4123 Pheretn'r.
501 4073 661 4126 Venerione.
673 4075 828 4126 Mirantur.
896 4073 1002 4145 Sparsos
1011 4075 1099 4127 crines
1114 4073 1268 4140 Quaerenti
1279 4091 1310 4124 ac
1325 4071 1412 4125 arbo-

384 4149 444 4215 345.
470 4152 584 4203 Patrem.
606 4154 707 4205 Jovem.
733 4181 768 4190 -«
792 4153 851 4204 Fra·
898 4171 956 4203 rum
973 4154 1155 4206 ramivenauti
1172 4151 1312 4224 persilm
1328 4169 1414 4224 spar-

316 4247 319 4254 ’
347 4227 598 4300 Ινειη.Δ[»υΙΙίιιοιιι.
899 4247 996 4285 serant.
