<?xml version="1.0" encoding="UTF-8"?>
<!DOCTYPE html PUBLIC "-//W3C//DTD XHTML 1.0 Transitional//EN"
    "http://www.w3.org/TR/xhtml1/DTD/xhtml1-transitional.dtd">
<html xmlns="http://www.w3.org/1999/xhtml" xml:lang="en" lang="en">
 <head>
  <title>
</title>
<meta http-equiv="Content-Type" content="text/html;charset=utf-8" />
  <meta name='ocr-system' content='tesseract 3.04.00' />
  <meta name='ocr-capabilities' content='ocr_page ocr_carea ocr_par ocr_line ocrx_word'/>
</head>
<body>
  <div class='ocr_page' id='page_1' title='image "./libriquinquesil00statgoog_0055.png"; bbox 0 0 3196 5158; ppageno 0'>
   <div class='ocr_carea' id='block_1_1' title="bbox 355 467 1211 550">
    <p class='ocr_par' dir='ltr' id='par_1_1' title="bbox 355 467 1211 550">
     <span class='ocr_line' id='line_1_1' title="bbox 355 467 1211 550; baseline 0.005 -16"><span class='ocrx_word' id='word_1_1' title='bbox 355 500 358 510; x_wconf 87' lang='lat'><em>-</em></span> <span class='ocrx_word' id='word_1_2' title='bbox 401 469 443 550; x_wconf 69' lang='lat' dir='ltr'>ro</span> <span class='ocrx_word' id='word_1_3' title='bbox 637 469 671 531; x_wconf 82' lang='lat' dir='ltr'>r.</span> <span class='ocrx_word' id='word_1_4' title='bbox 700 469 734 532; x_wconf 85' lang='lat' dir='ltr'>r.</span> <span class='ocrx_word' id='word_1_5' title='bbox 760 467 912 532; x_wconf 78' lang='lat' dir='ltr'>srirrr</span> <span class='ocrx_word' id='word_1_6' title='bbox 938 467 1211 538; x_wconf 77' lang='lat' dir='ltr'>rnnnlrnos</span> 
     </span>
    </p>
   </div>
   <div class='ocr_carea' id='block_1_2' title="bbox 445 592 1445 2127">
    <p class='ocr_par' dir='ltr' id='par_1_2' title="bbox 445 592 1444 908">
     <span class='ocr_line' id='line_1_2' title="bbox 445 592 1289 688; baseline 0.002 -26"><span class='ocrx_word' id='word_1_7' title='bbox 445 599 514 662; x_wconf 85' lang='lat' dir='ltr'>Nee</span> <span class='ocrx_word' id='word_1_8' title='bbox 524 593 662 664; x_wconf 77' lang='lat' dir='ltr'>laudare</span> <span class='ocrx_word' id='word_1_9' title='bbox 674 596 769 678; x_wconf 81' lang='lat' dir='ltr'>satis,</span> <span class='ocrx_word' id='word_1_10' title='bbox 783 592 971 688; x_wconf 85' lang='lat' dir='ltr'>dignasque</span> <span class='ocrx_word' id='word_1_11' title='bbox 982 593 1168 687; x_wconf 81' lang='lat' dir='ltr'>rependere</span> <span class='ocrx_word' id='word_1_12' title='bbox 1180 611 1289 688; x_wconf 78' lang='lat' dir='ltr'><strong>grates</strong></span> 
     </span>
     <span class='ocr_line' id='line_1_3' title="bbox 445 703 1444 800; baseline -0.006 -27"><span class='ocrx_word' id='word_1_13' title='bbox 445 703 634 773; x_wconf 86' lang='lat' dir='ltr'>Sufficiam:</span> <span class='ocrx_word' id='word_1_14' title='bbox 649 705 795 773; x_wconf 82' lang='lat' dir='ltr'>referent</span> <span class='ocrx_word' id='word_1_15' title='bbox 805 706 940 798; x_wconf 88' lang='lat' dir='ltr'>Superi,</span> <span class='ocrx_word' id='word_1_16' title='bbox 953 721 1140 800; x_wconf 80' lang='lat' dir='ltr'>vestraeque</span> <span class='ocrx_word' id='word_1_17' title='bbox 1152 705 1291 774; x_wconf 82' lang='lat' dir='ltr'>subacto</span> <span class='ocrx_word' id='word_1_18' title='bbox 1393 715 1444 768; x_wconf 78' lang='lat'>380</span> 
     </span>
     <span class='ocr_line' id='line_1_4' title="bbox 445 814 1249 908; baseline 0.002 -26"><span class='ocrx_word' id='word_1_19' title='bbox 445 820 550 884; x_wconf 91' lang='lat' dir='ltr'>Hoste</span> <span class='ocrx_word' id='word_1_20' title='bbox 562 839 681 883; x_wconf 83' lang='lat' dir='ltr'>manus</span> <span class='ocrx_word' id='word_1_21' title='bbox 694 843 700 882; x_wconf 91' lang='lat'>:</span> <span class='ocrx_word' id='word_1_22' title='bbox 715 815 835 884; x_wconf 88' lang='lat' dir='ltr'>urbem</span> <span class='ocrx_word' id='word_1_23' title='bbox 847 818 937 884; x_wconf 86' lang='lat' dir='ltr'>socie</span> <span class='ocrx_word' id='word_1_24' title='bbox 948 814 991 884; x_wconf 94' lang='lat' dir='ltr'>de</span> <span class='ocrx_word' id='word_1_25' title='bbox 1002 833 1102 908; x_wconf 91' lang='lat' dir='ltr'>gente</span> <span class='ocrx_word' id='word_1_26' title='bbox 1114 816 1249 885; x_wconf 90' lang='lat' dir='ltr'>subistis</span> 
     </span>
    </p>

    <p class='ocr_par' dir='ltr' id='par_1_3' title="bbox 445 923 1189 1022">
     <span class='ocr_line' id='line_1_5' title="bbox 445 923 1189 1022; baseline 0.001 -28"><span class='ocrx_word' id='word_1_27' title='bbox 445 929 581 1010; x_wconf 87' lang='lat' dir='ltr'>Tutari,</span> <span class='ocrx_word' id='word_1_28' title='bbox 594 951 697 1022; x_wconf 87' lang='lat' dir='ltr'><strong>quam</strong></span> <span class='ocrx_word' id='word_1_29' title='bbox 708 951 777 994; x_wconf 89' lang='lat' dir='ltr'>non</span> <span class='ocrx_word' id='word_1_30' title='bbox 790 923 865 994; x_wconf 82' lang='lat' dir='ltr'>eliis</span> <span class='ocrx_word' id='word_1_31' title='bbox 876 925 1056 1019; x_wconf 84' lang='lat' dir='ltr'>populator</span> <span class='ocrx_word' id='word_1_32' title='bbox 1067 927 1110 994; x_wconf 82' lang='lat' dir='ltr'>ab</span> <span class='ocrx_word' id='word_1_33' title='bbox 1121 931 1189 995; x_wconf 89' lang='lat' dir='ltr'>oris</span> 
     </span>
    </p>

    <p class='ocr_par' dir='ltr' id='par_1_4' title="bbox 447 1037 1236 1131">
     <span class='ocr_line' id='line_1_6' title="bbox 447 1037 1236 1131; baseline 0.003 -25"><span class='ocrx_word' id='word_1_34' title='bbox 447 1038 601 1131; x_wconf 78' lang='lat' dir='ltr'>Belliger,</span> <span class='ocrx_word' id='word_1_35' title='bbox 615 1055 793 1108; x_wconf 75' lang='lat' dir='ltr'>externave</span> <span class='ocrx_word' id='word_1_36' title='bbox 805 1055 896 1107; x_wconf 82' lang='lat' dir='ltr'>satus</span> <span class='ocrx_word' id='word_1_37' title='bbox 909 1037 1044 1120; x_wconf 89' lang='lat' dir='ltr'>tellure,</span> <span class='ocrx_word' id='word_1_38' title='bbox 1059 1037 1118 1106; x_wconf 90' lang='lat' dir='ltr'>sed</span> <span class='ocrx_word' id='word_1_39' title='bbox 1131 1038 1236 1108; x_wconf 90' lang='lat' dir='ltr'>hostis</span> 
     </span>
    </p>

    <p class='ocr_par' dir='ltr' id='par_1_5' title="bbox 447 1147 1260 1244">
     <span class='ocr_line' id='line_1_7' title="bbox 447 1147 1260 1244; baseline 0.005 -30"><span class='ocrx_word' id='word_1_40' title='bbox 447 1148 608 1240; x_wconf 82' lang='lat' dir='ltr'>Indigena</span> <span class='ocrx_word' id='word_1_41' title='bbox 620 1147 780 1231; x_wconf 81' lang='lat' dir='ltr'><strong>assultat,</strong></span> <span class='ocrx_word' id='word_1_42' title='bbox 794 1151 849 1217; x_wconf 92' lang='lat' dir='ltr'>cui</span> <span class='ocrx_word' id='word_1_43' title='bbox 861 1165 970 1216; x_wconf 85' lang='lat' dir='ltr'>castre</span> <span class='ocrx_word' id='word_1_44' title='bbox 981 1149 1121 1218; x_wconf 82' lang='lat' dir='ltr'>adversa</span> <span class='ocrx_word' id='word_1_45' title='bbox 1133 1155 1260 1244; x_wconf 89' lang='lat' dir='ltr'>regenti</span> 
     </span>
    </p>

    <p class='ocr_par' dir='ltr' id='par_1_6' title="bbox 447 1256 1442 1548">
     <span class='ocr_line' id='line_1_8' title="bbox 447 1256 1442 1352; baseline -0.004 -27"><span class='ocrx_word' id='word_1_46' title='bbox 447 1261 509 1326; x_wconf 88' lang='lat' dir='ltr'>Hie</span> <span class='ocrx_word' id='word_1_47' title='bbox 521 1275 630 1351; x_wconf 83' lang='lat' dir='ltr'>pater,</span> <span class='ocrx_word' id='word_1_48' title='bbox 643 1257 698 1326; x_wconf 91' lang='lat' dir='ltr'>hie</span> <span class='ocrx_word' id='word_1_49' title='bbox 710 1261 869 1351; x_wconf 78' lang='lat' dir='ltr'>genitrix,</span> <span class='ocrx_word' id='word_1_50' title='bbox 882 1257 938 1327; x_wconf 91' lang='lat' dir='ltr'>hic</span> <span class='ocrx_word' id='word_1_51' title='bbox 946 1256 1074 1352; x_wconf 82' lang='lat' dir='ltr'>junctae</span> <span class='ocrx_word' id='word_1_52' title='bbox 1086 1262 1190 1352; x_wconf 87' lang='lat' dir='ltr'>stirpe</span> <span class='ocrx_word' id='word_1_53' title='bbox 1201 1282 1347 1343; x_wconf 86' lang='lat' dir='ltr'>sorores,</span> <span class='ocrx_word' id='word_1_54' title='bbox 1391 1269 1442 1322; x_wconf 82' lang='lat'>385</span> 
     </span>
     <span class='ocr_line' id='line_1_9' title="bbox 447 1367 1313 1464; baseline 0.003 -29"><span class='ocrx_word' id='word_1_55' title='bbox 447 1371 511 1435; x_wconf 89' lang='lat' dir='ltr'>Hic</span> <span class='ocrx_word' id='word_1_56' title='bbox 521 1383 593 1436; x_wconf 88' lang='lat' dir='ltr'>erat</span> <span class='ocrx_word' id='word_1_57' title='bbox 603 1384 636 1436; x_wconf 94' lang='lat' dir='ltr'>et</span> <span class='ocrx_word' id='word_1_58' title='bbox 647 1367 758 1436; x_wconf 81' lang='lat' dir='ltr'>freter.</span> <span class='ocrx_word' id='word_1_59' title='bbox 770 1373 877 1437; x_wconf 86' lang='lat' dir='ltr'>Cerne</span> <span class='ocrx_word' id='word_1_60' title='bbox 889 1393 931 1436; x_wconf 92' lang='lat' dir='ltr'>en</span> <span class='ocrx_word' id='word_1_61' title='bbox 943 1369 1137 1464; x_wconf 88' lang='lat' dir='ltr'>ubicunqne</span> <span class='ocrx_word' id='word_1_62' title='bbox 1148 1369 1313 1438; x_wconf 79' lang='lat' dir='ltr'>nefandus</span> 
     </span>
     <span class='ocr_line' id='line_1_10' title="bbox 447 1475 1179 1548; baseline 0.007 -5"><span class='ocrx_word' id='word_1_63' title='bbox 447 1475 637 1544; x_wconf 88' lang='lat' dir='ltr'>Exscidium</span> <span class='ocrx_word' id='word_1_64' title='bbox 650 1475 778 1546; x_wconf 88' lang='lat' dir='ltr'>moliris</span> <span class='ocrx_word' id='word_1_65' title='bbox 791 1479 872 1544; x_wconf 84' lang='lat' dir='ltr'>avis.</span> <span class='ocrx_word' id='word_1_66' title='bbox 887 1483 1017 1547; x_wconf 88' lang='lat' dir='ltr'>Venere</span> <span class='ocrx_word' id='word_1_67' title='bbox 1030 1479 1179 1548; x_wconf 86' lang='lat' dir='ltr'>volentes</span> 
     </span>
    </p>

    <p class='ocr_par' dir='ltr' id='par_1_7' title="bbox 448 1588 1237 1681">
     <span class='ocr_line' id='line_1_11' title="bbox 448 1588 1237 1681; baseline 0.004 -26"><span class='ocrx_word' id='word_1_68' title='bbox 448 1591 563 1656; x_wconf 83' lang='lat' dir='ltr'>Aoniae</span> <span class='ocrx_word' id='word_1_69' title='bbox 573 1588 711 1681; x_wconf 90' lang='lat' dir='ltr'>populi;</span> <span class='ocrx_word' id='word_1_70' title='bbox 724 1613 788 1656; x_wconf 91' lang='lat' dir='ltr'>neo</span> <span class='ocrx_word' id='word_1_71' title='bbox 799 1613 876 1657; x_wconf 89' lang='lat' dir='ltr'>sum</span> <span class='ocrx_word' id='word_1_72' title='bbox 889 1590 966 1673; x_wconf 90' lang='lat' dir='ltr'>tibi,</span> <span class='ocrx_word' id='word_1_73' title='bbox 979 1615 1081 1672; x_wconf 82' lang='lat' dir='ltr'>saeve,</span> <span class='ocrx_word' id='word_1_74' title='bbox 1092 1591 1237 1660; x_wconf 87' lang='lat' dir='ltr'>relictus.</span> 
     </span>
    </p>

    <p class='ocr_par' dir='ltr' id='par_1_8' title="bbox 446 1697 1234 1784">
     <span class='ocr_line' id='line_1_12' title="bbox 446 1697 1234 1784; baseline 0.005 -20"><span class='ocrx_word' id='word_1_75' title='bbox 446 1697 536 1784; x_wconf 90' lang='lat' dir='ltr'>Quid</span> <span class='ocrx_word' id='word_1_76' title='bbox 547 1697 628 1765; x_wconf 89' lang='lat' dir='ltr'>velit</span> <span class='ocrx_word' id='word_1_77' title='bbox 638 1701 702 1766; x_wconf 83' lang='lat' dir='ltr'>ista</span> <span class='ocrx_word' id='word_1_78' title='bbox 713 1699 848 1782; x_wconf 86' lang='lat' dir='ltr'>cohors,</span> <span class='ocrx_word' id='word_1_79' title='bbox 861 1715 894 1767; x_wconf 91' lang='lat' dir='ltr'>et</span> <span class='ocrx_word' id='word_1_80' title='bbox 906 1715 938 1766; x_wconf 93' lang='lat' dir='ltr'>te</span> <span class='ocrx_word' id='word_1_81' title='bbox 950 1703 1074 1768; x_wconf 85' lang='lat' dir='ltr'>sentire</span> <span class='ocrx_word' id='word_1_82' title='bbox 1086 1700 1234 1769; x_wconf 82' lang='lat' dir='ltr'>decebat.</span> 
     </span>
    </p>

    <p class='ocr_par' dir='ltr' id='par_1_9' title="bbox 447 1809 1445 2016">
     <span class='ocr_line' id='line_1_13' title="bbox 447 1809 1445 1902; baseline -0.005 -24"><span class='ocrx_word' id='word_1_83' title='bbox 447 1809 598 1878; x_wconf 87' lang='lat' dir='ltr'>Reddere</span> <span class='ocrx_word' id='word_1_84' title='bbox 609 1833 713 1902; x_wconf 87' lang='lat' dir='ltr'>regne</span> <span class='ocrx_word' id='word_1_85' title='bbox 724 1825 849 1878; x_wconf 79' lang='lat' dir='ltr'>vetant.</span> <span class='ocrx_word' id='word_1_86' title='bbox 862 1842 875 1872; x_wconf 75' lang='lat' dir='ltr'>n</span> <span class='ocrx_word' id='word_1_87' title='bbox 891 1813 943 1881; x_wconf 90' lang='lat' dir='ltr'>Sic</span> <span class='ocrx_word' id='word_1_88' title='bbox 956 1811 1061 1894; x_wconf 86' lang='lat' dir='ltr'>fatus,</span> <span class='ocrx_word' id='word_1_89' title='bbox 1074 1828 1108 1880; x_wconf 91' lang='lat' dir='ltr'>et</span> <span class='ocrx_word' id='word_1_90' title='bbox 1120 1815 1233 1880; x_wconf 82' lang='lat' dir='ltr'>omnia</span> <span class='ocrx_word' id='word_1_91' title='bbox 1244 1813 1306 1879; x_wconf 92' lang='lat' dir='ltr'>rite</span> <span class='ocrx_word' id='word_1_92' title='bbox 1393 1821 1445 1892; x_wconf 84' lang='lat'>390</span> 
     </span>
     <span class='ocr_line' id='line_1_14' title="bbox 447 1917 1308 2016; baseline 0 -26"><span class='ocrx_word' id='word_1_93' title='bbox 447 1923 619 2014; x_wconf 89' lang='lat' dir='ltr'>Disponit,</span> <span class='ocrx_word' id='word_1_94' title='bbox 633 1923 691 2016; x_wconf 92' lang='lat' dir='ltr'>qui</span> <span class='ocrx_word' id='word_1_95' title='bbox 703 1917 792 1990; x_wconf 85' lang='lat' dir='ltr'>belle</span> <span class='ocrx_word' id='word_1_96' title='bbox 804 1939 938 2014; x_wconf 78' lang='lat' dir='ltr'>gerant,</span> <span class='ocrx_word' id='word_1_97' title='bbox 953 1924 1011 2016; x_wconf 90' lang='lat' dir='ltr'>qui</span> <span class='ocrx_word' id='word_1_98' title='bbox 1022 1924 1145 1990; x_wconf 86' lang='lat' dir='ltr'>moenie</span> <span class='ocrx_word' id='word_1_99' title='bbox 1156 1939 1308 2006; x_wconf 86' lang='lat' dir='ltr'>servent,</span> 
     </span>
    </p>

    <p class='ocr_par' dir='ltr' id='par_1_10' title="bbox 447 2029 1328 2127">
     <span class='ocr_line' id='line_1_15' title="bbox 447 2029 1328 2127; baseline -0.001 -29"><span class='ocrx_word' id='word_1_100' title='bbox 447 2035 538 2117; x_wconf 83' lang='lat' dir='ltr'>Quas</span> <span class='ocrx_word' id='word_1_101' title='bbox 551 2033 586 2098; x_wconf 92' lang='lat' dir='ltr'>in</span> <span class='ocrx_word' id='word_1_102' title='bbox 598 2029 710 2100; x_wconf 80' lang='lat' dir='ltr'>fronte</span> <span class='ocrx_word' id='word_1_103' title='bbox 721 2056 860 2116; x_wconf 79' lang='lat' dir='ltr'>manus,</span> <span class='ocrx_word' id='word_1_104' title='bbox 873 2032 984 2101; x_wconf 88' lang='lat' dir='ltr'>medio</span> <span class='ocrx_word' id='word_1_105' title='bbox 996 2055 1080 2127; x_wconf 84' lang='lat' dir='ltr'>quas</span> <span class='ocrx_word' id='word_1_106' title='bbox 1093 2033 1213 2101; x_wconf 85' lang='lat' dir='ltr'>robore</span> <span class='ocrx_word' id='word_1_107' title='bbox 1225 2034 1328 2099; x_wconf 83' lang='lat' dir='ltr'>sistet.</span> 
     </span>
    </p>
   </div>
   <div class='ocr_carea' id='block_1_3' title="bbox 401 2262 1447 2970">
    <p class='ocr_par' dir='ltr' id='par_1_11' title="bbox 401 2262 1446 2729">
     <span class='ocr_line' id='line_1_16' title="bbox 401 2262 1445 2335; baseline -0.003 -19"><span class='ocrx_word' id='word_1_108' title='bbox 401 2264 482 2316; x_wconf 78' lang='lat' dir='ltr'>rastis.</span> <span class='ocrx_word' id='word_1_109' title='bbox 493 2263 589 2316; x_wconf 73' lang='lat' dir='ltr'>tumre</span> <span class='ocrx_word' id='word_1_110' title='bbox 599 2265 707 2334; x_wconf 86' lang='lat' dir='ltr'>proprie</span> <span class='ocrx_word' id='word_1_111' title='bbox 720 2277 776 2330; x_wconf 81' lang='lat' dir='ltr'>ert,</span> <span class='ocrx_word' id='word_1_112' title='bbox 791 2264 903 2335; x_wconf 80' lang='lat' dir='ltr'>quoties·</span> <span class='ocrx_word' id='word_1_113' title='bbox 949 2263 1039 2316; x_wconf 75' lang='lat' dir='ltr'>nMela</span> <span class='ocrx_word' id='word_1_114' title='bbox 1054 2263 1129 2317; x_wconf 83' lang='lat' dir='ltr'>ducis</span> <span class='ocrx_word' id='word_1_115' title='bbox 1142 2264 1182 2316; x_wconf 74' lang='lat' dir='ltr'>evi</span> <span class='ocrx_word' id='word_1_116' title='bbox 1195 2262 1314 2314; x_wconf 81' lang='lat' dir='ltr'>domurn.</span> <span class='ocrx_word' id='word_1_117' title='bbox 1324 2284 1336 2309; x_wconf 78' lang='grc' dir='ltr'>ι</span> <span class='ocrx_word' id='word_1_118' title='bbox 1348 2263 1445 2313; x_wconf 73' lang='lat' dir='ltr'>Pem-</span> 
     </span>
     <span class='ocr_line' id='line_1_17' title="bbox 401 2339 1445 2415; baseline -0.003 -20"><span class='ocrx_word' id='word_1_119' title='bbox 401 2361 509 2415; x_wconf 86' lang='lat' dir='ltr'>cnnqne</span> <span class='ocrx_word' id='word_1_120' title='bbox 531 2355 696 2395; x_wconf 78' lang='lat' dir='ltr'>sacramento</span> <span class='ocrx_word' id='word_1_121' title='bbox 721 2345 849 2396; x_wconf 81' lang='lat' dir='ltr'>exereitus</span> <span class='ocrx_word' id='word_1_122' title='bbox 874 2345 900 2394; x_wconf 87' lang='lat' dir='ltr'>in</span> <span class='ocrx_word' id='word_1_123' title='bbox 946 2359 1034 2396; x_wconf 74' lang='lat' dir='ltr'>nenos.</span> <span class='ocrx_word' id='word_1_124' title='bbox 1058 2343 1110 2396; x_wconf 86' lang='lat' dir='ltr'>Sed</span> <span class='ocrx_word' id='word_1_125' title='bbox 1131 2341 1209 2395; x_wconf 77' lang='lat' dir='ltr'>mele.</span> <span class='ocrx_word' id='word_1_126' title='bbox 1231 2341 1346 2414; x_wconf 77' lang='lat' dir='ltr'>Vulgare</span> <span class='ocrx_word' id='word_1_127' title='bbox 1364 2339 1445 2392; x_wconf 88' lang='lat' dir='ltr'>lectio</span> 
     </span>
     <span class='ocr_line' id='line_1_18' title="bbox 401 2418 1445 2494; baseline -0.008 -18"><span class='ocrx_word' id='word_1_128' title='bbox 401 2423 492 2494; x_wconf 76' lang='lat' dir='ltr'>aliquo</span> <span class='ocrx_word' id='word_1_129' title='bbox 509 2420 581 2474; x_wconf 86' lang='lat' dir='ltr'>bello</span> <span class='ocrx_word' id='word_1_130' title='bbox 598 2425 748 2494; x_wconf 80' lang='lat' dir='ltr'>conspirat,</span> <span class='ocrx_word' id='word_1_131' title='bbox 767 2424 821 2476; x_wconf 79' lang='lat' dir='ltr'>rive</span> <span class='ocrx_word' id='word_1_132' title='bbox 840 2425 901 2494; x_wconf 74' lang='lat' dir='ltr'>quis</span> <span class='ocrx_word' id='word_1_133' title='bbox 947 2422 1063 2491; x_wconf 81' lang='lat' dir='ltr'>optima,</span> <span class='ocrx_word' id='word_1_134' title='bbox 1082 2434 1109 2474; x_wconf 88' lang='lat' dir='ltr'>et</span> <span class='ocrx_word' id='word_1_135' title='bbox 1126 2440 1158 2473; x_wconf 80' lang='lat' dir='ltr'>ex</span> <span class='ocrx_word' id='word_1_136' title='bbox 1176 2421 1257 2473; x_wconf 83' lang='lat' dir='ltr'>veteri</span> <span class='ocrx_word' id='word_1_137' title='bbox 1276 2418 1376 2472; x_wconf 83' lang='lat' dir='ltr'>codice.</span> <span class='ocrx_word' id='word_1_138' title='bbox 1392 2419 1445 2487; x_wconf 88' lang='lat' dir='ltr'>Qni</span> 
     </span>
     <span class='ocr_line' id='line_1_19' title="bbox 402 2498 1446 2572; baseline -0.007 -18"><span class='ocrx_word' id='word_1_139' title='bbox 402 2501 519 2571; x_wconf 78' lang='lat' dir='ltr'>legiones</span> <span class='ocrx_word' id='word_1_140' title='bbox 532 2519 614 2572; x_wconf 87' lang='lat' dir='ltr'>qnurn</span> <span class='ocrx_word' id='word_1_141' title='bbox 628 2501 788 2568; x_wconf 81' lang='lat' dir='ltr'>scribuntur,</span> <span class='ocrx_word' id='word_1_142' title='bbox 803 2514 865 2554; x_wconf 81' lang='lat' dir='ltr'>ente</span> <span class='ocrx_word' id='word_1_143' title='bbox 874 2503 901 2553; x_wconf 87' lang='lat' dir='ltr'>in</span> <span class='ocrx_word' id='word_1_144' title='bbox 947 2502 1016 2552; x_wconf 80' lang='lat' dir='ltr'>enim</span> <span class='ocrx_word' id='word_1_145' title='bbox 1025 2498 1319 2571; x_wconf 77' lang='lat' dir='ltr'>patrirebelluminiert,</span> <span class='ocrx_word' id='word_1_146' title='bbox 1331 2498 1446 2550; x_wconf 82' lang='lat' dir='ltr'>erissnir</span> 
     </span>
     <span class='ocr_line' id='line_1_20' title="bbox 403 2575 1445 2653; baseline -0.005 -21"><span class='ocrx_word' id='word_1_147' title='bbox 403 2593 568 2633; x_wconf 74' lang='lat' dir='ltr'>sacramente</span> <span class='ocrx_word' id='word_1_148' title='bbox 589 2577 686 2631; x_wconf 74' lang='lat' dir='ltr'>militie</span> <span class='ocrx_word' id='word_1_149' title='bbox 705 2580 902 2653; x_wconf 85' lang='lat' dir='ltr'>compelluntur</span> <span class='ocrx_word' id='word_1_150' title='bbox 947 2579 1090 2632; x_wconf 80' lang='lat' dir='ltr'>exscidium</span> <span class='ocrx_word' id='word_1_151' title='bbox 1109 2590 1201 2650; x_wconf 78' lang='lat' dir='ltr'>peret,</span> <span class='ocrx_word' id='word_1_152' title='bbox 1220 2595 1334 2649; x_wconf 87' lang='lat' dir='ltr'>quornm</span> <span class='ocrx_word' id='word_1_153' title='bbox 1351 2575 1445 2628; x_wconf 84' lang='lat' dir='ltr'>tumuli</span> 
     </span>
     <span class='ocr_line' id='line_1_21' title="bbox 401 2652 1446 2729; baseline -0.005 -17"><span class='ocrx_word' id='word_1_154' title='bbox 401 2662 499 2729; x_wconf 79' lang='lat' dir='ltr'>jurare.</span> <span class='ocrx_word' id='word_1_155' title='bbox 518 2659 645 2710; x_wconf 80' lang='lat' dir='ltr'>Lscrerrr.</span> <span class='ocrx_word' id='word_1_156' title='bbox 832 2705 835 2712; x_wconf 92' lang='grc'><em>,</em></span> <span class='ocrx_word' id='word_1_157' title='bbox 947 2652 1446 2710; x_wconf 76' lang='lat' dir='ltr'>accineresriolahentur.-Ubicun-</span> 
     </span>
    </p>

    <p class='ocr_par' dir='ltr' id='par_1_12' title="bbox 402 2734 1447 2892">
     <span class='ocr_line' id='line_1_22' title="bbox 438 2734 1447 2810; baseline -0.006 -18"><span class='ocrx_word' id='word_1_158' title='bbox 438 2739 500 2792; x_wconf 79' lang='lat'><strong>380.</strong></span> <span class='ocrx_word' id='word_1_159' title='bbox 520 2737 642 2810; x_wconf 73' lang='lat' dir='ltr'>deferent</span> <span class='ocrx_word' id='word_1_160' title='bbox 661 2737 761 2808; x_wconf 78' lang='lat' dir='ltr'>Superi.</span> <span class='ocrx_word' id='word_1_161' title='bbox 782 2740 902 2792; x_wconf 83' lang='lat' dir='ltr'>Petrens.</span> <span class='ocrx_word' id='word_1_162' title='bbox 946 2755 996 2808; x_wconf 83' lang='lat' dir='ltr'>que</span> <span class='ocrx_word' id='word_1_163' title='bbox 1006 2737 1144 2808; x_wconf 74' lang='lat' dir='ltr'>nefandus.</span> <span class='ocrx_word' id='word_1_164' title='bbox 1157 2734 1257 2786; x_wconf 83' lang='lat' dir='ltr'>anlibi</span> <span class='ocrx_word' id='word_1_165' title='bbox 1269 2751 1324 2786; x_wconf 91' lang='lat' dir='ltr'>non</span> <span class='ocrx_word' id='word_1_166' title='bbox 1335 2734 1447 2786; x_wconf 77' lang='lat' dir='ltr'>scelere-</span> 
     </span>
     <span class='ocr_line' id='line_1_23' title="bbox 402 2814 1444 2892; baseline -0.007 -19"><span class='ocrx_word' id='word_1_167' title='bbox 402 2817 627 2892; x_wconf 75' lang='lat' dir='ltr'>rrsemntSupen&#39;.</span> <span class='ocrx_word' id='word_1_168' title='bbox 947 2815 989 2868; x_wconf 82' lang='lat' dir='ltr'>t&#39;us</span> <span class='ocrx_word' id='word_1_169' title='bbox 997 2832 1210 2886; x_wconf 83' lang='lat' dir='ltr'>es,quocunque</span> <span class='ocrx_word' id='word_1_170' title='bbox 1220 2825 1246 2866; x_wconf 89' lang='lat' dir='ltr'>te</span> <span class='ocrx_word' id='word_1_171' title='bbox 1254 2827 1349 2866; x_wconf 74' lang='lat' dir='ltr'>vertes.</span> <span class='ocrx_word' id='word_1_172' title='bbox 1362 2816 1394 2865; x_wconf 87' lang='lat' dir='ltr'>V.</span> <span class='ocrx_word' id='word_1_173' title='bbox 1402 2814 1444 2866; x_wconf 88' lang='lat' dir='ltr'>Sc.</span> 
     </span>
    </p>

    <p class='ocr_par' dir='ltr' id='par_1_13' title="bbox 439 2891 1445 2970">
     <span class='ocr_line' id='line_1_24' title="bbox 439 2891 1445 2970; baseline -0.008 -19"><span class='ocrx_word' id='word_1_174' title='bbox 439 2898 499 2966; x_wconf 72' lang='lat'>384.</span> <span class='ocrx_word' id='word_1_175' title='bbox 520 2898 568 2951; x_wconf 82' lang='lat' dir='ltr'>Cui</span> <span class='ocrx_word' id='word_1_176' title='bbox 581 2908 662 2950; x_wconf 82' lang='lat' dir='ltr'>castra</span> <span class='ocrx_word' id='word_1_177' title='bbox 674 2895 779 2950; x_wconf 81' lang='lat' dir='ltr'>adversa</span> <span class='ocrx_word' id='word_1_178' title='bbox 797 2899 901 2970; x_wconf 75' lang='lat' dir='ltr'>repenti.</span> <span class='ocrx_word' id='word_1_179' title='bbox 982 2894 1043 2947; x_wconf 78' lang='lat'>388.</span> <span class='ocrx_word' id='word_1_180' title='bbox 1066 2893 1167 2945; x_wconf 73' lang='lat' dir='ltr'>Aonie.</span> <span class='ocrx_word' id='word_1_181' title='bbox 1186 2894 1301 2944; x_wconf 85' lang='lat' dir='ltr'>Boeotire.</span> <span class='ocrx_word' id='word_1_182' title='bbox 1319 2921 1356 2934; x_wconf 89' lang='lat'>-</span> <span class='ocrx_word' id='word_1_183' title='bbox 1372 2891 1445 2945; x_wconf 78' lang='lat' dir='ltr'>ileli-</span> 
     </span>
    </p>
   </div>
   <div class='ocr_carea' id='block_1_4' title="bbox 289 2972 1447 3051">
    <p class='ocr_par' dir='ltr' id='par_1_14' title="bbox 289 2972 1447 3051">
     <span class='ocr_line' id='line_1_25' title="bbox 289 2972 1447 3051; baseline -0.006 -22"><span class='ocrx_word' id='word_1_184' title='bbox 289 3013 292 3020; x_wconf 89' lang='lat'><em>·</em></span> <span class='ocrx_word' id='word_1_185' title='bbox 406 2981 456 3030; x_wconf 69' lang='lat' dir='ltr'>«ln</span> <span class='ocrx_word' id='word_1_186' title='bbox 468 2976 574 3030; x_wconf 83' lang='lat' dir='ltr'>dnobus</span> <span class='ocrx_word' id='word_1_187' title='bbox 587 2975 661 3027; x_wconf 84' lang='lat' dir='ltr'>libris</span> <span class='ocrx_word' id='word_1_188' title='bbox 674 2989 728 3028; x_wconf 85' lang='lat' dir='ltr'>est:</span> <span class='ocrx_word' id='word_1_189' title='bbox 744 2975 849 3029; x_wconf 72' lang='lat' dir='ltr'>adversa</span> <span class='ocrx_word' id='word_1_190' title='bbox 854 2976 903 3051; x_wconf 68' lang='lat' dir='ltr'>se·</span> <span class='ocrx_word' id='word_1_191' title='bbox 947 2983 1010 3024; x_wconf 82' lang='lat' dir='ltr'>etus.</span> <span class='ocrx_word' id='word_1_192' title='bbox 1025 2975 1060 3024; x_wconf 91' lang='lat' dir='ltr'>Ut</span> <span class='ocrx_word' id='word_1_193' title='bbox 1073 2972 1191 3022; x_wconf 80' lang='lat' dir='ltr'>invenies</span> <span class='ocrx_word' id='word_1_194' title='bbox 1205 2989 1247 3022; x_wconf 88' lang='lat' dir='ltr'>rne</span> <span class='ocrx_word' id='word_1_195' title='bbox 1259 2983 1392 3024; x_wconf 77' lang='lat' dir='ltr'>carentem</span> <span class='ocrx_word' id='word_1_196' title='bbox 1402 2989 1447 3023; x_wconf 82' lang='lat' dir='ltr'>en·</span> 
     </span>
    </p>
   </div>
   <div class='ocr_carea' id='block_1_5' title="bbox 397 3049 1448 4223">
    <p class='ocr_par' dir='ltr' id='par_1_15' title="bbox 403 3049 1342 3118">
     <span class='ocr_line' id='line_1_26' title="bbox 403 3049 1342 3118; baseline -0.012 -8"><span class='ocrx_word' id='word_1_197' title='bbox 403 3059 470 3110; x_wconf 80' lang='lat' dir='ltr'>renti</span> <span class='ocrx_word' id='word_1_198' title='bbox 475 3079 484 3118; x_wconf 86' lang='lat'>,·</span> <span class='ocrx_word' id='word_1_199' title='bbox 499 3055 563 3110; x_wconf 88' lang='lat' dir='ltr'>nihil</span> <span class='ocrx_word' id='word_1_200' title='bbox 574 3068 736 3108; x_wconf 62' lang='lat' dir='ltr'>mutumne·</span> <span class='ocrx_word' id='word_1_201' title='bbox 754 3057 848 3109; x_wconf 71' lang='lat' dir='ltr'>Berre.</span> <span class='ocrx_word' id='word_1_202' title='bbox 947 3051 1031 3118; x_wconf 71' lang='lat' dir='ltr'>xiliis,</span> <span class='ocrx_word' id='word_1_203' title='bbox 1044 3063 1071 3103; x_wconf 89' lang='lat' dir='ltr'>et</span> <span class='ocrx_word' id='word_1_204' title='bbox 1083 3049 1195 3102; x_wconf 77' lang='lat' dir='ltr'>occides.</span> <span class='ocrx_word' id='word_1_205' title='bbox 1214 3051 1342 3102; x_wconf 72' lang='lat' dir='ltr'>horitur.</span> 
     </span>
    </p>

    <p class='ocr_par' dir='ltr' id='par_1_16' title="bbox 403 3129 1445 3284">
     <span class='ocr_line' id='line_1_27' title="bbox 439 3129 1444 3206; baseline -0.008 -18"><span class='ocrx_word' id='word_1_206' title='bbox 439 3135 500 3188; x_wconf 82' lang='lat'><strong>38⁵.</strong></span> <span class='ocrx_word' id='word_1_207' title='bbox 518 3135 571 3186; x_wconf 80' lang='lat' dir='ltr'>llic</span> <span class='ocrx_word' id='word_1_208' title='bbox 582 3138 685 3206; x_wconf 74' lang='lat' dir='ltr'>juncte</span> <span class='ocrx_word' id='word_1_209' title='bbox 704 3137 783 3206; x_wconf 79' lang='lat' dir='ltr'>stirpe</span> <span class='ocrx_word' id='word_1_210' title='bbox 799 3153 900 3188; x_wconf 78' lang='lat' dir='ltr'>sorores.</span> <span class='ocrx_word' id='word_1_211' title='bbox 983 3131 1043 3199; x_wconf 84' lang='lat'><strong>390.</strong></span> <span class='ocrx_word' id='word_1_212' title='bbox 1054 3129 1132 3182; x_wconf 70' lang='lat' dir='ltr'>nete.</span> <span class='ocrx_word' id='word_1_213' title='bbox 1146 3147 1165 3180; x_wconf 89' lang='lat' dir='ltr'>r.</span> <span class='ocrx_word' id='word_1_214' title='bbox 1174 3150 1197 3182; x_wconf 87' lang='lat' dir='ltr'>v.</span> <span class='ocrx_word' id='word_1_215' title='bbox 1206 3129 1251 3183; x_wconf 81' lang='lat' dir='ltr'>Sic</span> <span class='ocrx_word' id='word_1_216' title='bbox 1255 3129 1444 3202; x_wconf 60' lang='lat' dir='ltr'>fammeus-</span> 
     </span>
     <span class='ocr_line' id='line_1_28' title="bbox 403 3207 1445 3284; baseline -0.004 -19"><span class='ocrx_word' id='word_1_217' title='bbox 403 3211 495 3265; x_wconf 80' lang='lat' dir='ltr'>llelrot.</span> <span class='ocrx_word' id='word_1_218' title='bbox 510 3229 532 3276; x_wconf 88' lang='lat' dir='ltr'>r,</span> <span class='ocrx_word' id='word_1_219' title='bbox 546 3209 706 3284; x_wconf 81' lang='lat' dir='ltr'>lracjnrrctoe.</span> <span class='ocrx_word' id='word_1_220' title='bbox 947 3209 1001 3262; x_wconf 80' lang='lat' dir='ltr'>nia.</span> <span class='ocrx_word' id='word_1_221' title='bbox 1025 3207 1219 3279; x_wconf 75' lang='lat' dir='ltr'>«Legendomr</span> <span class='ocrx_word' id='word_1_222' title='bbox 1241 3209 1285 3261; x_wconf 85' lang='lat' dir='ltr'>Sic</span> <span class='ocrx_word' id='word_1_223' title='bbox 1296 3209 1383 3281; x_wconf 71' lang='lat' dir='ltr'>saner,</span> <span class='ocrx_word' id='word_1_224' title='bbox 1403 3221 1445 3273; x_wconf 79' lang='lat' dir='ltr'>et,</span> 
     </span>
    </p>

    <p class='ocr_par' dir='ltr' id='par_1_17' title="bbox 397 3286 1448 4223">
     <span class='ocr_line' id='line_1_29' title="bbox 439 3286 1447 3361; baseline -0.008 -17"><span class='ocrx_word' id='word_1_225' title='bbox 439 3291 500 3344; x_wconf 82' lang='lat'><strong>386.</strong></span> <span class='ocrx_word' id='word_1_226' title='bbox 524 3289 561 3341; x_wconf 79' lang='grc' dir='ltr'>Η.</span> <span class='ocrx_word' id='word_1_227' title='bbox 581 3308 603 3340; x_wconf 84' lang='lat' dir='ltr'>e.</span> <span class='ocrx_word' id='word_1_228' title='bbox 623 3302 648 3342; x_wconf 81' lang='lat' dir='ltr'>et</span> <span class='ocrx_word' id='word_1_229' title='bbox 660 3290 687 3361; x_wconf 78' lang='lat' dir='ltr'>f.</span> <span class='ocrx_word' id='word_1_230' title='bbox 707 3307 782 3342; x_wconf 78' lang='lat' dir='ltr'>reme</span> <span class='ocrx_word' id='word_1_231' title='bbox 799 3291 903 3342; x_wconf 75' lang='lat' dir='ltr'>enubi-</span> <span class='ocrx_word' id='word_1_232' title='bbox 947 3307 1008 3340; x_wconf 86' lang='lat' dir='ltr'>cum</span> <span class='ocrx_word' id='word_1_233' title='bbox 1030 3288 1135 3358; x_wconf 86' lang='lat' dir='ltr'>optimis</span> <span class='ocrx_word' id='word_1_234' title='bbox 1158 3286 1263 3339; x_wconf 79' lang='lat' dir='ltr'>libris.»</span> <span class='ocrx_word' id='word_1_235' title='bbox 1289 3290 1387 3340; x_wconf 73' lang='lat' dir='ltr'>Birra.</span> <span class='ocrx_word' id='word_1_236' title='bbox 1409 3317 1447 3328; x_wconf 92' lang='lat'>-</span> 
     </span>
     <span class='ocr_line' id='line_1_30' title="bbox 403 3366 1445 3442; baseline -0.004 -18"><span class='ocrx_word' id='word_1_237' title='bbox 403 3387 504 3442; x_wconf 77' lang='lat' dir='ltr'>eurique</span> <span class='ocrx_word' id='word_1_238' title='bbox 516 3387 549 3420; x_wconf 81' lang='lat' dir='ltr'>rte</span> <span class='ocrx_word' id='word_1_239' title='bbox 562 3366 652 3420; x_wconf 77' lang='lat' dir='ltr'>andus.</span> <span class='ocrx_word' id='word_1_240' title='bbox 662 3371 692 3420; x_wconf 89' lang='lat' dir='ltr'>In</span> <span class='ocrx_word' id='word_1_241' title='bbox 703 3367 799 3420; x_wconf 83' lang='lat' dir='ltr'>eodem</span> <span class='ocrx_word' id='word_1_242' title='bbox 809 3367 901 3421; x_wconf 82' lang='lat' dir='ltr'>Eehot.</span> <span class='ocrx_word' id='word_1_243' title='bbox 945 3366 1058 3420; x_wconf 74' lang='lat' dir='ltr'>Reddere</span> <span class='ocrx_word' id='word_1_244' title='bbox 1067 3385 1146 3439; x_wconf 75' lang='lat' dir='ltr'>regna</span> <span class='ocrx_word' id='word_1_245' title='bbox 1156 3377 1251 3420; x_wconf 78' lang='lat' dir='ltr'>oetam.</span> <span class='ocrx_word' id='word_1_246' title='bbox 1264 3366 1305 3419; x_wconf 87' lang='lat' dir='ltr'>Sic</span> <span class='ocrx_word' id='word_1_247' title='bbox 1314 3366 1445 3420; x_wconf 72' lang='lat' dir='ltr'>Thebaid.</span> 
     </span>
     <span class='ocr_line' id='line_1_31' title="bbox 404 3445 1447 3518; baseline 0 -18"><span class='ocrx_word' id='word_1_248' title='bbox 404 3447 514 3514; x_wconf 84' lang='lat' dir='ltr'>codiee,</span> <span class='ocrx_word' id='word_1_249' title='bbox 528 3445 657 3516; x_wconf 81' lang='lat' dir='ltr'>nefande,</span> <span class='ocrx_word' id='word_1_250' title='bbox 671 3464 732 3498; x_wconf 89' lang='lat' dir='ltr'>cum</span> <span class='ocrx_word' id='word_1_251' title='bbox 745 3445 846 3517; x_wconf 75' lang='lat' dir='ltr'>glossa,</span> <span class='ocrx_word' id='word_1_252' title='bbox 865 3466 903 3499; x_wconf 75' lang='lat' dir='ltr'>ro</span> <span class='ocrx_word' id='word_1_253' title='bbox 946 3447 982 3512; x_wconf 88' lang='lat' dir='ltr'>ll,</span> <span class='ocrx_word' id='word_1_254' title='bbox 996 3445 1045 3512; x_wconf 66' lang='lat'>451</span> <span class='ocrx_word' id='word_1_255' title='bbox 1058 3467 1064 3497; x_wconf 79' lang='lat' dir='ltr'>r</span> <span class='ocrx_word' id='word_1_256' title='bbox 1083 3463 1154 3498; x_wconf 71' lang='lat' dir='ltr'>nnec</span> <span class='ocrx_word' id='word_1_257' title='bbox 1165 3447 1216 3517; x_wconf 85' lang='lat' dir='ltr'>ipsi</span> <span class='ocrx_word' id='word_1_258' title='bbox 1228 3459 1317 3518; x_wconf 81' lang='lat' dir='ltr'>patres</span> <span class='ocrx_word' id='word_1_259' title='bbox 1328 3445 1447 3500; x_wconf 77' lang='lat' dir='ltr'>Reddere</span> 
     </span>
     <span class='ocr_line' id='line_1_32' title="bbox 404 3523 1157 3598; baseline -0.001 -21"><span class='ocrx_word' id='word_1_260' title='bbox 404 3524 526 3598; x_wconf 78' lang='lat' dir='ltr'>nefande.</span> <span class='ocrx_word' id='word_1_261' title='bbox 536 3546 548 3568; x_wconf 79' lang='grc' dir='ltr'><strong>ι</strong></span> <span class='ocrx_word' id='word_1_262' title='bbox 562 3523 624 3574; x_wconf 78' lang='lat' dir='ltr'>Exc.</span> <span class='ocrx_word' id='word_1_263' title='bbox 638 3523 749 3575; x_wconf 80' lang='lat' dir='ltr'>Centeb.</span> <span class='ocrx_word' id='word_1_264' title='bbox 763 3527 842 3576; x_wconf 83' lang='lat' dir='ltr'>etiem</span> <span class='ocrx_word' id='word_1_265' title='bbox 856 3543 903 3576; x_wconf 84' lang='lat' dir='ltr'>rre-</span> <span class='ocrx_word' id='word_1_266' title='bbox 945 3543 1027 3594; x_wconf 82' lang='lat' dir='ltr'>regne</span> <span class='ocrx_word' id='word_1_267' title='bbox 1040 3526 1157 3576; x_wconf 78' lang='lat' dir='ltr'>sinent.»</span> 
     </span>
     <span class='ocr_line' id='line_1_33' title="bbox 397 3600 1447 3676; baseline -0.002 -18"><span class='ocrx_word' id='word_1_268' title='bbox 397 3603 492 3676; x_wconf 67' lang='lat' dir='ltr'>sarde.</span> <span class='ocrx_word' id='word_1_269' title='bbox 504 3601 627 3672; x_wconf 78' lang='lat' dir='ltr'>Optimus</span> <span class='ocrx_word' id='word_1_270' title='bbox 642 3600 726 3654; x_wconf 81' lang='lat' dir='ltr'>codex</span> <span class='ocrx_word' id='word_1_271' title='bbox 742 3601 855 3654; x_wconf 77' lang='lat' dir='ltr'>Berthii:</span> <span class='ocrx_word' id='word_1_272' title='bbox 870 3621 901 3656; x_wconf 82' lang='lat' dir='ltr'>err</span> <span class='ocrx_word' id='word_1_273' title='bbox 982 3605 1042 3673; x_wconf 77' lang='lat'><strong>391.</strong></span> <span class='ocrx_word' id='word_1_274' title='bbox 1064 3602 1218 3674; x_wconf 77' lang='lat' dir='ltr'>Qoimoenia</span> <span class='ocrx_word' id='word_1_275' title='bbox 1225 3615 1331 3658; x_wconf 71' lang='lat' dir='ltr'>servent.</span> <span class='ocrx_word' id='word_1_276' title='bbox 1339 3605 1447 3676; x_wconf 66' lang='lat' dir='ltr'>nege,</span> 
     </span>
     <span class='ocr_line' id='line_1_34' title="bbox 403 3681 1448 3754; baseline 0.006 -20"><span class='ocrx_word' id='word_1_277' title='bbox 403 3701 492 3750; x_wconf 72' lang='lat' dir='ltr'>cente,</span> <span class='ocrx_word' id='word_1_278' title='bbox 508 3681 664 3753; x_wconf 80' lang='lat' dir='ltr'>ubicumque</span> <span class='ocrx_word' id='word_1_279' title='bbox 681 3681 808 3754; x_wconf 50' lang='lat' dir='ltr'>nefanda</span> <span class='ocrx_word' id='word_1_280' title='bbox 822 3684 901 3735; x_wconf 83' lang='lat' dir='ltr'>Tnnr.</span> <span class='ocrx_word' id='word_1_281' title='bbox 946 3695 1048 3737; x_wconf 78' lang='lat' dir='ltr'>servant</span> <span class='ocrx_word' id='word_1_282' title='bbox 1058 3682 1187 3752; x_wconf 78' lang='lat' dir='ltr'>habebnt,</span> <span class='ocrx_word' id='word_1_283' title='bbox 1199 3685 1329 3739; x_wconf 81' lang='lat' dir='ltr'>sedlitern</span> <span class='ocrx_word' id='word_1_284' title='bbox 1338 3705 1353 3738; x_wconf 86' lang='lat' dir='ltr'>e</span> <span class='ocrx_word' id='word_1_285' title='bbox 1362 3685 1448 3740; x_wconf 76' lang='lat' dir='ltr'>altere</span> 
     </span>
     <span class='ocr_line' id='line_1_35' title="bbox 403 3759 1445 3836; baseline 0.006 -22"><span class='ocrx_word' id='word_1_286' title='bbox 403 3760 558 3830; x_wconf 79' lang='lat' dir='ltr'>nefandum.</span> <span class='ocrx_word' id='word_1_287' title='bbox 577 3787 613 3798; x_wconf 90' lang='lat'><em>-</em></span> <span class='ocrx_word' id='word_1_288' title='bbox 629 3759 681 3810; x_wconf 81' lang='lat' dir='ltr'>Hic</span> <span class='ocrx_word' id='word_1_289' title='bbox 697 3771 751 3814; x_wconf 81' lang='lat' dir='ltr'>erat</span> <span class='ocrx_word' id='word_1_290' title='bbox 768 3773 793 3812; x_wconf 88' lang='lat' dir='ltr'>et</span> <span class='ocrx_word' id='word_1_291' title='bbox 806 3761 900 3832; x_wconf 64' lang='lat' dir='ltr'>freter.</span> <span class='ocrx_word' id='word_1_292' title='bbox 946 3781 1027 3814; x_wconf 80' lang='lat' dir='ltr'>manu</span> <span class='ocrx_word' id='word_1_293' title='bbox 1054 3768 1233 3836; x_wconf 78' lang='lat' dir='ltr'>suprascripta</span> <span class='ocrx_word' id='word_1_294' title='bbox 1259 3765 1305 3820; x_wconf 83' lang='lat' dir='ltr'>det</span> <span class='ocrx_word' id='word_1_295' title='bbox 1330 3778 1445 3834; x_wconf 81' lang='lat' dir='ltr'>servent,</span> 
     </span>
     <span class='ocr_line' id='line_1_36' title="bbox 402 3841 1391 3918; baseline 0.003 -25"><span class='ocrx_word' id='word_1_296' title='bbox 402 3844 488 3910; x_wconf 81' lang='lat' dir='ltr'>Queri</span> <span class='ocrx_word' id='word_1_297' title='bbox 499 3843 554 3909; x_wconf 81' lang='lat' dir='ltr'>jem</span> <span class='ocrx_word' id='word_1_298' title='bbox 566 3857 620 3891; x_wconf 88' lang='lat' dir='ltr'>non</span> <span class='ocrx_word' id='word_1_299' title='bbox 632 3853 709 3892; x_wconf 83' lang='lat' dir='ltr'>esset.</span> <span class='ocrx_word' id='word_1_300' title='bbox 724 3841 855 3893; x_wconf 79' lang='lat' dir='ltr'>Gnrerot.</span> <span class='ocrx_word' id='word_1_301' title='bbox 866 3870 903 3880; x_wconf 94' lang='lat'>-</span> <span class='ocrx_word' id='word_1_302' title='bbox 946 3843 1009 3913; x_wconf 76' lang='lat' dir='ltr'>lieg.</span> <span class='ocrx_word' id='word_1_303' title='bbox 1024 3843 1045 3894; x_wconf 90' lang='lat' dir='ltr'>C</span> <span class='ocrx_word' id='word_1_304' title='bbox 1058 3857 1129 3896; x_wconf 84' lang='lat' dir='ltr'>nost.</span> <span class='ocrx_word' id='word_1_305' title='bbox 1142 3843 1203 3896; x_wconf 85' lang='lat' dir='ltr'>leet.</span> <span class='ocrx_word' id='word_1_306' title='bbox 1216 3844 1322 3918; x_wconf 70' lang='lat' dir='ltr'>prebet.</span> <span class='ocrx_word' id='word_1_307' title='bbox 1342 3846 1391 3896; x_wconf 85' lang='lat' dir='ltr'>En.</span> 
     </span>
     <span class='ocr_line' id='line_1_37' title="bbox 404 3919 1444 3996; baseline 0.003 -24"><span class='ocrx_word' id='word_1_308' title='bbox 404 3920 528 3991; x_wconf 77' lang='lat' dir='ltr'>Gerr-ige,</span> <span class='ocrx_word' id='word_1_309' title='bbox 542 3919 598 3969; x_wconf 83' lang='lat' dir='ltr'>erit.</span> <span class='ocrx_word' id='word_1_310' title='bbox 613 3919 785 3970; x_wconf 78' lang='lat' dir='ltr'>Pernrnenus.</span> <span class='ocrx_word' id='word_1_311' title='bbox 797 3948 833 3960; x_wconf 91' lang='lat'><em>-</em></span> <span class='ocrx_word' id='word_1_312' title='bbox 847 3921 903 3972; x_wconf 80' lang='lat' dir='ltr'>Ne·</span> <span class='ocrx_word' id='word_1_313' title='bbox 982 3922 1043 3992; x_wconf 76' lang='lat'><strong>392.</strong></span> <span class='ocrx_word' id='word_1_314' title='bbox 1064 3923 1153 3975; x_wconf 80' lang='lat' dir='ltr'>Medio</span> <span class='ocrx_word' id='word_1_315' title='bbox 1175 3942 1240 3996; x_wconf 80' lang='lat' dir='ltr'>quas</span> <span class='ocrx_word' id='word_1_316' title='bbox 1260 3925 1346 3977; x_wconf 78' lang='lat' dir='ltr'>robore</span> <span class='ocrx_word' id='word_1_317' title='bbox 1364 3925 1444 3977; x_wconf 81' lang='lat' dir='ltr'>sistat.</span> 
     </span>
     <span class='ocr_line' id='line_1_38' title="bbox 397 3995 1446 4074; baseline 0.005 -23"><span class='ocrx_word' id='word_1_318' title='bbox 397 3995 654 4072; x_wconf 63' lang='lat' dir='ltr'>fredred-recidam</span> <span class='ocrx_word' id='word_1_319' title='bbox 662 3997 902 4052; x_wconf 66' lang='lat' dir='ltr'>mottrnavtffior-</span> <span class='ocrx_word' id='word_1_320' title='bbox 949 4000 1057 4054; x_wconf 70' lang='lat' dir='ltr'>«scribe</span> <span class='ocrx_word' id='word_1_321' title='bbox 1076 4019 1136 4053; x_wconf 86' lang='lat' dir='ltr'>cnm</span> <span class='ocrx_word' id='word_1_322' title='bbox 1156 4001 1262 4055; x_wconf 83' lang='lat' dir='ltr'>dnobus</span> <span class='ocrx_word' id='word_1_323' title='bbox 1279 3999 1367 4055; x_wconf 88' lang='lat' dir='ltr'>libris:</span> <span class='ocrx_word' id='word_1_324' title='bbox 1383 4021 1446 4074; x_wconf 76' lang='lat' dir='ltr'>quas</span> 
     </span>
     <span class='ocr_line' id='line_1_39' title="bbox 403 4075 1446 4154; baseline 0.002 -22"><span class='ocrx_word' id='word_1_325' title='bbox 403 4083 473 4152; x_wconf 86' lang='lat' dir='ltr'>rige:</span> <span class='ocrx_word' id='word_1_326' title='bbox 495 4075 620 4150; x_wconf 74' lang='lat' dir='ltr'>Nefanda</span> <span class='ocrx_word' id='word_1_327' title='bbox 640 4077 781 4154; x_wconf 65' lang='lat' dir='ltr'>Excidiugn</span> <span class='ocrx_word' id='word_1_328' title='bbox 802 4078 903 4132; x_wconf 78' lang='lat' dir='ltr'>moliris</span> <span class='ocrx_word' id='word_1_329' title='bbox 946 4099 1064 4151; x_wconf 72' lang='lat' dir='ltr'>corpom</span> <span class='ocrx_word' id='word_1_330' title='bbox 1086 4099 1144 4152; x_wconf 71' lang='lat' dir='ltr'>qna</span> <span class='ocrx_word' id='word_1_331' title='bbox 1161 4100 1213 4134; x_wconf 82' lang='lat' dir='ltr'>vox</span> <span class='ocrx_word' id='word_1_332' title='bbox 1233 4089 1364 4134; x_wconf 71' lang='lat' dir='ltr'>consonet</span> <span class='ocrx_word' id='word_1_333' title='bbox 1383 4098 1446 4135; x_wconf 86' lang='lat' dir='ltr'>curn</span> 
     </span>
     <span class='ocr_line' id='line_1_40' title="bbox 401 4155 1332 4223; baseline -0.003 -10"><span class='ocrx_word' id='word_1_334' title='bbox 401 4161 453 4212; x_wconf 78' lang='lat' dir='ltr'>ani.</span> <span class='ocrx_word' id='word_1_335' title='bbox 473 4157 599 4211; x_wconf 73' lang='lat' dir='ltr'>Horatius</span> <span class='ocrx_word' id='word_1_336' title='bbox 617 4155 663 4208; x_wconf 88' lang='lat' dir='ltr'>lib.</span> <span class='ocrx_word' id='word_1_337' title='bbox 682 4157 709 4220; x_wconf 87' lang='lat' dir='ltr'>l,</span> <span class='ocrx_word' id='word_1_338' title='bbox 729 4155 781 4209; x_wconf 87' lang='lat' dir='ltr'>0d.</span> <span class='ocrx_word' id='word_1_339' title='bbox 803 4157 849 4223; x_wconf 86' lang='lat'>15,</span> <span class='ocrx_word' id='word_1_340' title='bbox 865 4157 900 4211; x_wconf 77' lang='lat'>5:</span> <span class='ocrx_word' id='word_1_341' title='bbox 945 4160 1042 4212; x_wconf 82' lang='lat' dir='ltr'>frontis</span> <span class='ocrx_word' id='word_1_342' title='bbox 1053 4163 1217 4214; x_wconf 71' lang='lat' dir='ltr'>mentione·</span> <span class='ocrx_word' id='word_1_343' title='bbox 1238 4162 1332 4213; x_wconf 73' lang='lat' dir='ltr'>Birra.</span> 
     </span>
    </p>
   </div>
   <div class='ocr_carea' id='block_1_6' title="bbox 0 0 1610 5158">
    <p class='ocr_par' dir='ltr' id='par_1_18' title="bbox 0 0 1610 5158">
     <span class='ocr_line' id='line_1_41' title="bbox 0 0 1610 5158; baseline 0 0"><span class='ocrx_word' id='word_1_344' title='bbox 0 0 1610 5158; x_wconf 95' lang='lat' dir='ltr'> </span> 
     </span>
    </p>
   </div>
  </div>
 </body>
</html>
