3256 5160
372 488 440 552 5ιο
574 486 610 548 Ρ.
638 485 672 550 Ρ.
700 485 857 550 STATII
883 485 1223 552 ACHILLEIDOS.

418 615 561 704 Jamque
573 597 708 692 tim'ens,
718 633 786 704 quo
798 608 919 678 fronde
929 609 1070 678 domum
1082 611 1269 704 suspendat
1278 616 1429 697 inanem,

419 721 576 791 Providet
587 719 668 788 hinc
680 736 817 804 ventos,
831 720 910 790 hinc
922 723 1023 790 anxia
1032 724 1156 813 cogitat
1167 745 1314 816 ungues,

421 837 508 904 Hinc
517 833 688 902 homiues:
701 831 839 902 tandem
851 833 964 904 dubiae
976 833 1089 928 placet
1099 834 1233 920 umbra,
1246 841 1413 933 nouaque

419 950 482 1016 Vix
497 950 589 1015 stetit
601 949 636 1014 in
648 949 767 1030 ramis,
780 964 815 1014 et
825 950 981 1040 protinus
994 947 1096 1016 arbor
1107 965 1252 1016 amatur.

466 1055 580 1126 Altera
593 1058 734 1127 consilio
747 1075 919 1151 superest,
937 1062 1139 1155 tristemque
1151 1060 1268 1152 fatigat

419 1172 511 1236 Cura
522 1174 645 1252 Deam,
659 1185 777 1238 natum
790 1171 862 1264 ipsa
874 1173 952 1268 einu
963 1169 1140 1266 complexa
1154 1195 1216 1264 per
1230 1169 1356 1253 undas,

421 1285 472 1346 Au
485 1301 610 1372 magno
622 1281 762 1347 Tritone
774 1279 876 1364 ferat,
892 1297 1080 1376 ventosque
1092 1280 1246 1350 volucres

421 1389 588 1471 Advocet,
600 1413 645 1456 an
656 1388 779 1482 pelago
791 1389 925 1458 solitam
936 1389 1190 1460 Thaumantida
1201 1393 1305 1485 pasci.
1381 1421 1434 1458 220

421 1500 521 1568 Elicit
531 1501 610 1568 inde
622 1501 735 1583 hetia,
748 1518 782 1569 et
793 1503 922 1570 murice
934 1503 1045 1570 frenat
1055 1520 1156 1570 acuto

375 1745 493 1805 paratur.
512 1731 586 1784 Siout
604 1731 674 1782 enim
693 1733 747 1784 aris
766 1749 881 1802 angues,
927 1730 1082 1798 ferendum,
1097 1749 1156 1804 que
1169 1748 1247 1783 arcus
1262 1743 1303 1783 est
1316 1727 1436 1782 celestis.

374 1825 483 1876 ventos,
500 1809 621 1862 homines
638 1811 724 1876 tirnet,
738 1813 774 1862 ita
791 1809 883 1862 Thetis
928 1811 1100 1864 Manifestum
1113 1827 1153 1862 est
1167 1825 1255 1862 nutem
1273 1809 1377 1861 radium
1393 1827 1437 1860 ao·

375 1889 497 1942 abditum
511 1887 593 1940 titium
608 1890 696 1940 omnia
715 1902 830 1954 veretur,
849 1907 883 1942 us
928 1888 960 1942 lis
979 1891 1123 1942 immissum
1141 1907 1212 1940 cave
1231 1887 1311 1952 nubi,
1330 1885 1437 1958 repulsa

375 1970 497 2020 inventus
510 1965 544 2017 ad
556 1964 655 2018 bellum
669 1965 799 2032 trahatur,
814 1979 840 2018 et
854 1981 884 2020 ut
927 1971 999 2036 acie,
1019 1972 1046 2020 in
1061 1968 1143 2021 solem
1158 1969 1280 2038 refringi,
1300 1966 1437 2019 colorum·

376 2052 431 2102 avis
451 2047 524 2118 eligit
543 2045 680 2113 arborem,
701 2065 781 2117 quarn
800 2046 885 2100 credit
929 2069 981 2122 que
999 2048 1153 2102 varietatem
1172 2048 1286 2098 mixtura
1309 2045 1438 2110 nubium,

376 2129 534 2180 tutissimam
559 2127 587 2176 in
611 2145 663 2198 qua
687 2125 824 2192 nidificet,
846 2127 883 2178 ita
928 2125 1259 2198 ignium,aerisqueh'eri;
1276 2123 1350 2197 quod
1365 2137 1437 2178 certe

375 2205 466 2258 Thetis
476 2203 883 2288 postlnugamcrmsultatiouem
928 2208 979 2260 niti
992 2206 1048 2262 tole
1061 2224 1153 2258 averso
1167 2223 1221 2257 non
1234 2205 1272 2258 fir.
1288 2207 1394 2258 hittun.

375 2285 883 2360 Scyrumdeligit,ioquafiliumoccul·
966 2303 1025 2340 aaa.
1050 2285 1255 2338 Thaumantida.
1276 2286 1324 2336 Iris
1345 2283 1438 2336 Thau·

376 2364 884 2434 tet.liicomparationibusadhibendis
928 2366 1029 2418 mantia
1053 2363 1124 2416 dicta
1150 2363 1296 2416 secundum
1320 2375 1439 2434 poetas,

376 2459 467 2502 noster
479 2461 517 2498 est
531 2447 649 2497 omniurn
658 2447 793 2516 princeps.
805 2447 852 2498 En.
929 2445 1105 2498 Thaumantis
1122 2441 1191 2496 fitia:
1209 2457 1333 2495 ceterum
1347 2459 1379 2494 ex
1393 2441 1440 2494 ad·

413 2528 474 2595 ²¹4·
495 2526 618 2578 Pronidot
631 2525 692 2576 hinc
705 2539 806 2590 acutos,
823 2525 885 2578 hinc
930 2529 1069 2579 miratione
1079 2525 1131 2578 hoc
1141 2543 1240 2576 nomen
1252 2524 1369 2596 accepit,
1380 2542 1440 2595 qun

374 2609 457 2662 arixin
477 2606 574 2679 coqt'tat
593 2623 698 2678 unques:
714 2605 838 2658 Providet
858 2605 885 2658 in
931 2604 1070 2659 admiratio
1083 2605 1116 2658 ds
1134 2607 1190 2675 ejus
1204 2605 1341 2658 coloribus
1353 2607 1441 2658 nasei·

375 2700 465 2742 uentos
479 2689 505 2738 iu
518 2684 611 2737 iisdem
626 2685 772 2736 Euo-ln
787 2685 885 2756 dioboli
931 2703 982 2741 tur.
1002 2717 1037 2728 -
1058 2686 1157 2760 Pelaqo
1179 2686 1282 2740 solitam
1300 2688 1382 2759 pasci.
1402 2687 1441 2739 Ex

376 2769 511 2841 reperias,
529 2765 653 2817 Providit
668 2764 711 2816 hic
726 2776 825 2828 ventos,
844 2765 886 2818 hic
929 2769 1003 2838 vulgi
1026 2769 1169 2838 opinione,
1200 2767 1246 2838 qui
1270 2764 1354 2818 credit
1378 2767 1439 2818 lrim

375 2844 886 2920 anxiacoqitatanlqueninlleg.Cno·
930 2865 1058 2919 aquosas
1079 2849 1142 2896 mari
1158 2845 1281 2912 haurire,
1301 2859 1327 2897 ot
1344 2847 1372 2896 in
1392 2861 1439 2896 su·
1507 2889 1513 2904 ,

377 2943 410 2982 st.
423 2929 483 2982 lect.
498 2929 544 2978 En.
557 2955 593 2964 -
603 2925 707 2978 Ventos.
719 2927 759 2978 Ne
778 2924 886 2976 convel-
929 2927 1009 2980 blime
1024 2928 1107 2990 ferre,
1122 2938 1151 2977 ut
1166 2927 1192 2976 in
1206 2939 1289 2977 terras
1303 2921 1439 2976 refundat.

377 3008 435 3062 lant
456 3027 487 3060 ao
501 3006 639 3076 dissipent.
654 3034 690 3044 -
705 3006 819 3078 Arrques.
838 3006 885 3060 so-
929 3009 1053 3059 Lucanus
1066 3003 1154 3056 Phari.
1165 3006 1215 3072 lV,
1230 3005 1260 3056 81
1275 3021 1332 3075 sqq.
1349 3005 1440 3056 «Hine

377 3088 433 3142 lent
443 3089 512 3140 enim
526 3098 662 3156 serpentes
674 3086 788 3155 irrepere
802 3088 828 3136 in
841 3088 884 3136 ni·
929 3087 1087 3158 imperfecto
1101 3084 1289 3156 complectitur
1300 3101 1440 3156 aeraffiro

377 3168 542 3232 donarium,
554 3184 585 3216 ac
599 3163 686 3235 pullos
699 3164 835 3218 devorare.
930 3165 1123 3234 Oceanumque
1142 3161 1222 3228 bibit,
1240 3177 1387 3234 raptosque
1404 3161 1440 3214 ad

415 3266 476 3318 217.
492 3247 591 3300 Altera.
605 3247 692 3298 Prima
704 3265 767 3298 cura
780 3248 831 3299 tutr
843 3247 886 3300 lo-
930 3243 1017 3296 sidera
1029 3243 1126 3294 fluctus
1139 3241 1264 3310 Pertulit,
1273 3257 1299 3296 et
1311 3244 1376 3296 caelo
1386 3241 1440 3296 dit·

376 3349 439 3384 cum
452 3327 562 3399 eligere,
579 3325 697 3380 secunda
709 3327 846 3397 quomodo
858 3330 885 3378 in
930 3325 1019 3376 fusum
1032 3319 1146 3373 reddidit
1159 3321 1302 3374 imbrem.»

378 3411 405 3462 in
420 3427 482 3460 eum
494 3404 623 3458 Achillem
635 3404 752 3458 veheret.
767 3408 871 3458 Marus.
968 3419 1027 3456 aar.
1044 3403 1155 3454 Murice.
1172 3403 1266 3454 Mures
1282 3401 1327 3454 hic
1341 3400 1441 3455 intelli·

415 3504 475 3556 ²¹9·
498 3486 541 3536 An
558 3501 654 3556 nraqno
673 3484 779 3538 Tritone
791 3485 884 3554 ferat,
928 3485 1115 3554 giturfrenurn
1131 3503 1162 3535 ex
1182 3483 1327 3536 rnuricihus
1349 3483 1440 3535 confe-

379 3576 517 3636 ventosque
530 3561 800 3616 volucres-Codex
811 3567 842 3616 T.
854 3566 884 3616 tt.
930 3579 1011 3616 ctum.
1031 3567 1124 3616 Murex
1146 3565 1227 3616 etiam
1248 3565 1365 3614 sumitur
1389 3580 1439 3633 pro

376 3657 497 3699 ventosne
522 3641 649 3704 volucrem
671 3644 729 3694 Put.
753 3654 884 3710 ventosus,
931 3644 1081 3696 summitate
1090 3644 1159 3707 saxi,
1172 3661 1226 3714 quo
1239 3661 1318 3694 tonsu
1328 3659 1441 3712 usurpa·
1479 3650 1480 3658 ’

378 3739 467 3778 ortum
477 3720 570 3795 procul
581 3721 663 3774 dubio
677 3741 708 3774 ex
719 3733 885 3776 ventosne-
930 3726 967 3774 vit
979 3723 1117 3794 Virgilius,
1132 3724 1192 3774 AEn.
1204 3726 1237 3787 V,
1249 3741 1288 3776 vs.
1307 3723 1367 3775 205.
1385 3745 1397 3768 ι
1406 3722 1441 3774 Et

376 3807 460 3876 Ragg.
482 3805 503 3854 tt
524 3815 550 3854 et
572 3802 611 3868 C,
631 3813 752 3854 ventosne
772 3802 886 3855 volucres
931 3817 1011 3856 acuto
1026 3806 1053 3855 in
1066 3803 1165 3855 murice
1185 3804 1251 3854 remi
1267 3801 1365 3856 Obtriti
1382 3821 1441 3854 cre·

378 3883 506 3957 praebent.
522 3883 567 3932 Eo.
580 3910 616 3920 -
630 3879 746 3931 Tritone.
761 3879 828 3933 Vidn
840 3899 886 3932 su·
931 3899 1021 3953 puers.
1033 3903 1044 3928 ι
1057 3881 1191 3952 Significat
1203 3895 1229 3932 et
1238 3883 1341 3952 piscem
1350 3901 1365 3934 e
1375 3899 1442 3935 cou-

378 3983 427 4036 pra
436 3980 474 4015 vs.
486 3959 519 4014 55
530 3971 559 4011 ut
568 3959 591 4009 T
593 3959 670 4010 ritoni
682 3960 836 4029 impositum
846 3961 886 4011 te·
930 3961 1041 4014 charum
1059 3981 1170 4033 genere,
1187 3976 1214 4014 et
1233 3964 1440 4015 instrumentum

376 4040 623 4098 rat.-Ventos·ne
637 4036 751 4091 volucres
762 4039 885 4102 aduam,-
932 4041 1046 4094 lerrenm
1064 4040 1149 4093 tribus
1168 4041 1350 4108 acuminibus,
1367 4039 1440 4113 quod

377 4123 398 4175 i.
411 4141 435 4175 e.
450 4139 484 4174 an
497 4119 582 4172 neatis
596 4117 630 4170 ad
644 4113 796 4170 vehendum
812 4136 886 4170 com·
931 4122 1021 4193 spargi
1043 4121 1181 4174 corruerit
1200 4120 1235 4174 ad
1253 4119 1440 4194 impediendos

376 4203 479 4269 mittat,
489 4218 524 4254 an
533 4197 645 4272 Palatio,
656 4215 691 4250 an
699 4196 762 4250 lridi
771 4197 887 4252 traderet
931 4203 1040 4272 equites.
