3256 5160
355 507 421 575 508
560 511 594 572 P.
621 509 656 572 P.
683 509 840 576 STATH
865 513 1204 582 ACHILLEIDOS.

399 635 483 718 Quae
493 647 574 700 nuto
587 649 716 702 secreta
727 633 825 718 velit,
839 637 964 732 quibus
976 637 1103 708 abdere
1117 643 1214 710 terris

398 741 919 826 Destinut‚huc,illuc,divcrss
931 767 1045 818 mente
1057 750 1199 820 volutat.
1359 787 1411 822 200

400 856 572 938 Proxima,
586 855 646 924 sed
659 856 778 925 studiis
790 857 939 928 muitum
952 867 1132 948 Mavortia,
1146 863 1295 935 Thrace:

400 971 469 1036 Nec
480 971 653 1036 Macetum
665 991 748 1060 gens
758 967 844 1037 dura
855 969 981 1064 placet,
995 973 1204 1072 laudumque
1215 976 1327 1047 daturi

401 1078 596 1171 Cecropidae
608 1079 778 1149 stimulos:
792 1085 936 1151 nimium
948 1103 1143 1179 opportuna
1155 1091 1279 1158 carinis

399 1191 527 1272 Sestos,
541 1188 764 1285 Abydenique
776 1194 890 1260 sinus:
904 1193 1015 1286 placet
1025 1200 1074 1265 ire
1086 1223 1149 1291 per
1159 1198 1246 1268 altas

399 1297 581 1392 Cycladas:
596 1298 675 1368 hinc
687 1317 811 1395 spretae
824 1308 1006 1397 Myconos,
1018 1306 1226 1406 humilisque
1238 1311 1410 1406 Seriphos,

354 1525 428 1564 extre
442 1525 547 1564 antrum
565 1513 592 1564 in
605 1513 717 1586 rupibus
734 1513 814 1583 Pelii,
828 1517 861 1569 ad
945 1537 1004 1574 uon.
1017 1525 1159 1576 Marenem.
1173 1522 1204 1576 ld
1217 1537 1271 1590 est,
1282 1523 1413 1578 Macedo-

354 1609 421 1662 quas
432 1593 536 1644 sonitus
548 1591 677 1646 fluctuum
690 1595 783 1647 vicinio
797 1615 863 1648 cau·
906 1617 979 1650 num.
998 1601 1157 1655 Macedonia
1176 1604 1246 1654 onim
1265 1602 1413 1676 antiquitus

354 1671 424 1726 tibus
443 1672 572 1726 illisorum
591 1675 776 1746 perveniebat,
793 1675 863 1728 solii·
906 1679 1362 1754 Maeotiavocata.-Laudumque
1369 1681 1414 1733 da·

354 1753 405 1804 citu
419 1756 505 1823 jacuit
523 1757 630 1808 minime
647 1754 796 1823 dormiens,
815 1755 863 1810 sed
907 1758 959 1809 turi
982 1758 1127 1831 Cecropidoe
1149 1757 1276 1812 stimulos.
1303 1755 1331 1810 id
1358 1773 1413 1828 est,

354 1831 497 1886 admodum
514 1833 652 1900 volutans,
669 1835 767 1906 quihus
783 1837 811 1890 in
825 1835 863 1888 Ιο-
907 1835 1097 1904 Athenienses,
1107 1841 1152 1891 uio
1164 1837 1229 1892 dicti
1241 1857 1257 1890 a
1268 1841 1414 1892 vetustissi-

353 1913 392 1964 cis
406 1913 542 1966 occultare
558 1914 641 1967 fliium
657 1929 756 1987 posset.
769 1917 863 1969 Maru·
907 1935 952 1968 uro
969 1937 1030 1990 rege
1046 1919 1173 1990 Cecrope.
1190 1947 1227 1959 -
1242 1919 1337 1970 Dotari
1353 1918 1415 1970 Iau-

354 2008 429 2044 nssr.
446 2021 483 2032 --
500 1993 646 2048 Undisouis.
666 1997 724 2046 Hoc
743 1993 863 2048 vocabu·
907 1997 969 2048 dum
979 1999 1230 2066 nimaina-Quis
1240 1997 1415 2050 Athenienses

338 2068 409 2124 dum
424 2069 709 2124 membransinculcat
726 2092 806 2144 supra
823 2091 861 2124 vs.
907 2099 962 2132 non
988 2079 1074 2132 solum
1097 2081 1227 2151 praeclaris
1249 2081 1342 2146 factis,
1366 2079 1415 2132 sed

356 2165 398 2218 27.
416 2149 492 2202 -Nec
508 2169 581 2202 mora
599 2164 625 2202 et
644 2151 783 2206 undisonis
801 2165 819 2204 t.
838 2171 861 2204 e.
908 2153 987 2204 etium
1000 2153 1078 2205 dictis
1089 2171 1181 2206 omnes
1193 2151 1227 2204 ad
1238 2155 1360 2203 virtutem
1372 2169 1416 2204 ez-

354 2247 477 2280 sororum
492 2229 623 2282 Prosilite
641 2230 773 2283 thalamis.
784 2255 796 2278 ι
814 2234 862 2284 Hic
908 2235 1013 2284 citaturi
1028 2245 1111 2285 erant.

354 2321 443 2359 nutem
459 2308 562 2360 undosis
576 2307 675 2362 hahet:
692 2310 762 2363 undo
774 2313 863 2384 smpi-
945 2313 1004 2364 203.
1024 2313 1146 2366 Nimium
1160 2319 1307 2382 opportuna
1321 2307 1416 2362 carinis

354 2395 408 2445 curi
422 2397 507 2464 possis
523 2395 646 2448 umbrosis
661 2397 740 2449 scribi
754 2397 859 2451 debere.
907 2387 1003 2458 Sestos,
1017 2391 1188 2465 Abydenique
1198 2388 1276 2442 tim&-
1288 2389 1376 2442 Sestot
1388 2402 1416 2441 et

354 2473 426 2526 Nihil
439 2487 527 2525 tomen
540 2493 642 2527 moveo.
658 2478 742 2528 Grion.
908 2471 1015 2544 Abydos
1024 2472 1058 2523 ad
1066 2471 1269 2542 Hellespontum
1277 2473 1332 2522 sita
1341 2483 1415 2535 sunt,

394 2571 451 2623 199.
469 2555 499 2624 Q.
512 2574 538 2606 n.
549 2573 568 2606 s.
580 2575 604 2605 v.
615 2555 706 2630 quibus
715 2558 806 2608 auden·
816 2568 863 2610 rer.
908 2551 954 2604 uhi
966 2555 993 2604 in
1009 2552 1093 2605 stadis
1109 2565 1209 2624 septem
1227 2553 1374 2622 stringitur,
1388 2563 1416 2602 et

355 2633 396 2686 ris.
410 2635 440 2684 ln
453 2634 516 2704 lieg.
531 2635 706 2702 Binvenitur‚
716 2637 809 2708 quibus
819 2639 863 2688 ab·
908 2633 1045 2704 Europam
1060 2633 1093 2684 ab
1106 2635 1167 2685 Asia
1179 2633 1291 2686 dividit:
1306 2629 1416 2703 Abydos

354 2713 413 2765 dere
430 2713 494 2766 telis.
509 2715 538 2765 tn
551 2715 615 2785 Reg.
631 2716 652 2768 C
667 2730 760 2768 nostra
773 2716 861 2768 lectio.
908 2713 974 2762 Asia
991 2727 1042 2777 est,
1059 2712 1148 2764 Sestos
1163 2715 1291 2784 Europae,
1306 2711 1340 2764 ds
1355 2713 1416 2782 qui·

354 2793 557 2846 him—Abdere
567 2794 639 2847 terris
652 2796 774 2848 Destinet.
785 2795 813 2847 ld
825 2810 863 2848 est
908 2791 958 2844 bus
976 2792 1087 2844 consule
1105 2791 1260 2844 Strabonem
1282 2791 1329 2844 iii).
1345 2791 1415 2842 ΧῙῙῘ.

354 2885 430 2942 paret
443 2873 587 2924 occultare.
605 2875 650 2924 Est
671 2888 759 2925 autom
779 2873 861 2926 ordo:
908 2871 948 2921 De
961 2873 993 2923 iis
1000 2873 1056 2940 jam
1069 2875 1164 2942 sepius
1178 2872 1300 2924 diximus.
1314 2899 1349 2910 -
1363 2871 1416 2941 op-

355 2951 389 3000 Δι
400 2949 491 3002 Thetis
507 2951 617 3002 volutat.
632 2955 755 3004 Bnrrsss.
905 2958 1019 3018 portuno
1029 2949 1184 3002 carianel
1194 2949 1229 3000 ob
1241 2962 1334 3021 portus
1344 2965 1418 2998 com·

392 3045 452 3080 ²00.
472 3029 506 3080 D,
523 3028 549 3079 h.
567 3030 584 3079 ι’,
599 3029 699 3082 diuma
714 3043 802 3083 meme
818 3051 863 3084 00.
909 3027 1080 3093 moditatem,
1103 3027 1143 3080 vei
1166 3028 1239 3100 quod
1268 3029 1416 3097 navigaturi

355 3106 430 3160 lutat.
446 3110 526 3179 Lang.
543 3111 620 3162 haur.
634 3111 732 3162 Buslid.
746 3113 862 3182 Lipsiae.
908 3108 990 3158 erci
1008 3107 1041 3160 ad
1055 3109 1177 3178 Trojsm,
1196 3109 1242 3160 itto
1260 3109 1350 3160 forsan
1368 3127 1417 3179 np-

354 3186 436 3238 dr'ut‘sa
460 3197 547 3238 mente
570 3186 678 3240 volutat.
701 3219 737 3228 -
758 3191 823 3262 lieg.
843 3193 863 3242 B
908 3187 1048 3258 petierent,
1062 3187 1416 3257 undefaciiescirepotuis·

355 3264 456 3336 praebet
470 3265 540 3318 hanc
556 3265 618 3319 lect.
636 3269 699 3339 ch.
715 3268 751 3336 C,
762 3269 862 3322 diuersa
908 3279 979 3331 sent,
995 3285 1028 3318 an
1044 3266 1159 3319 Achilles
1173 3266 1211 3318 ibi
1225 3266 1331 3329 lateret,
1349 3267 1371 3316 si
1386 3265 1416 3317 il-

356 3357 443 3397 mentc
457 3344 587 3399 volutans.
602 3348 648 3398 Eu.
908 3343 952 3396 luc
965 3344 1162 3417 deportaretur.

394 3439 453 3476 201.
474 3426 614 3492 Proxima,
631 3427 675 3478 scd
691 3426 781 3479 studiis
797 3425 864 3478 mul·
947 3425 1051 3492 30458.
1067 3426 1119 3496 Aq.
1134 3445 1153 3478 s.
1166 3421 1254 3496 placet
1266 3425 1303 3476 ine
1314 3441 1363 3496 per
1375 3422 1418 3475 o!-

357 3517 412 3556 tum
423 3504 565 3571 Mavortia,
576 3505 684 3558 Thrace.
693 3506 864 3573 Subaudiest,
910 3513 955 3554 tas.
975 3506 1062 3558 Burm.
1072 3508 1154 3577 juvat
1170 3505 1206 3554 irc
1222 3521 1271 3575 per
1288 3502 1367 3568 altas,
1385 3522 1417 3555 ex

357 3596 388 3633 ut
397 3585 430 3635 sit
443 3603 550 3638 sensus:
561 3585 674 3638 Thracio
688 3585 794 3658 quidem
806 3606 866 3658 pro·
909 3582 1026 3653 Virgilio.
1040 3613 1073 3624 -
1086 3581 1169 3637 Altus.
1187 3583 1215 3634 td
1230 3595 1283 3647 ost,
1299 3583 1420 3634 eminen-

357 3664 427 3714 xima
442 3678 497 3729 est,
513 3663 559 3716 sed
574 3666 651 3716 nimis
667 3678 707 3716 cst
723 3664 865 3730 bellicosa,
909 3677 961 3729 tes,
988 3676 1013 3714 et
1040 3683 1096 3735 quar
1120 3676 1231 3734 propter
1256 3661 1417 3715 editissimos

358 3755 383 3796 et
400 3744 510 3814 perinde
530 3763 544 3795 u
564 3746 736 3816 sequentihus
752 3746 866 3798 subaudi
910 3756 1013 3794 montes
1028 3743 1108 3814 longe
1123 3744 1325 3814 conspiciuntur
1339 3761 1354 3794 a
1366 3761 1417 3794 nu·

358 3843 411 3875 rron
424 3825 521 3896 placet.
536 3827 637 3876 Bonum
653 3823 771 3876 ordinem
786 3845 866 3878 secu·
910 3821 1068 3892 rigantibus.

358 3919 400 3957 tus
416 3920 455 3957 est
470 3907 551 3958 Poeta
564 3907 592 3956 in
607 3905 728 3957 locorum
743 3924 867 3958 numera·
948 3902 1007 3954 205.
1028 3903 1168 3974 Cycladas:
1182 3903 1243 3954 hinc
1253 3911 1343 3973 spreta
1355 3902 1418 3970 try-

357 3985 439 4036 tione.
453 3985 520 4036 Nam
532 3987 643 4056 Europos
656 4003 670 4034 a
683 3984 802 4056 Scythia,
814 3987 866 4056 pri·
910 4001 1001 4048 conos,
1016 3982 1173 4053 humilisque
1185 3981 1306 4052 Seriphos
1319 3983 1382 4049 fleg.
1398 3982 1419 4031 B

358 4082 401 4114 mu
418 4078 457 4116 est
472 4064 601 4129 Thracia,
621 4061 717 4114 deinde
737 4065 864 4116 Macedo·
911 4062 1032 4127 exhibet,
1044 4062 1086 4112 hio
1097 4073 1194 4132 sprota.
1207 4063 1271 4130 Reg.
1285 4060 1417 4126 C,'humi-

358 4143 421 4206 nia,
444 4155 504 4214 post
529 4144 625 4196 Attica.
649 4141 752 4195 Thrace
777 4158 865 4196 autem
911 4141 992 4213 lisque
1003 4139 1419 4212 Seristos.l⁴]o.-Cyciadus.Cy·

356 4217 500 4274 declinatio
512 4235 551 4274 cst
563 4221 664 4274 Gracc.
678 4225 801 4275 Batiana.
911 4220 1000 4273 etates
1016 4235 1075 4274 sunt
1091 4221 1179 4274 insuia
1194 4224 1219 4274 in
1235 4223 1300 4273 muri
1313 4222 1416 4298 augeo,
