<?xml version="1.0" encoding="UTF-8"?>
<!DOCTYPE html PUBLIC "-//W3C//DTD XHTML 1.0 Transitional//EN"
    "http://www.w3.org/TR/xhtml1/DTD/xhtml1-transitional.dtd">
<html xmlns="http://www.w3.org/1999/xhtml" xml:lang="en" lang="en">
 <head>
  <title>
</title>
<meta http-equiv="Content-Type" content="text/html;charset=utf-8" />
  <meta name='ocr-system' content='tesseract 3.04.00' />
  <meta name='ocr-capabilities' content='ocr_page ocr_carea ocr_par ocr_line ocrx_word'/>
</head>
<body>
  <div class='ocr_page' id='page_1' title='image "./libriquinquesil00statgoog_0469.png"; bbox 0 0 3256 5160; ppageno 0'>
   <div class='ocr_carea' id='block_1_1' title="bbox 395 508 1206 592">
    <p class='ocr_par' dir='ltr' id='par_1_1' title="bbox 395 508 1206 592">
     <span class='ocr_line' id='line_1_1' title="bbox 395 508 1206 592; baseline 0.01 -18"><span class='ocrx_word' id='word_1_1' title='bbox 395 508 460 592; x_wconf 68' lang='lat'><strong>462</strong></span> <span class='ocrx_word' id='word_1_2' title='bbox 631 511 665 572; x_wconf 84' lang='lat' dir='ltr'><strong>r.</strong></span> <span class='ocrx_word' id='word_1_3' title='bbox 692 511 727 572; x_wconf 84' lang='lat' dir='ltr'><strong>r.</strong></span> <span class='ocrx_word' id='word_1_4' title='bbox 754 510 906 576; x_wconf 76' lang='lat' dir='ltr'><strong>sraru</strong></span> <span class='ocrx_word' id='word_1_5' title='bbox 929 511 1206 582; x_wconf 77' lang='lat' dir='ltr'><strong>ruunarnos</strong></span> 
     </span>
    </p>
   </div>
   <div class='ocr_carea' id='block_1_2' title="bbox 439 635 1445 1849">
    <p class='ocr_par' dir='ltr' id='par_1_2' title="bbox 439 635 1303 732">
     <span class='ocr_line' id='line_1_2' title="bbox 439 635 1303 732; baseline 0.005 -30"><span class='ocrx_word' id='word_1_6' title='bbox 439 639 629 729; x_wconf 80' lang='lat' dir='ltr'><strong>Cercyona,</strong></span> <span class='ocrx_word' id='word_1_7' title='bbox 643 651 677 702; x_wconf 91' lang='lat' dir='ltr'><strong>et</strong></span> <span class='ocrx_word' id='word_1_8' title='bbox 688 657 815 704; x_wconf 82' lang='lat' dir='ltr'><strong>soevum</strong></span> <span class='ocrx_word' id='word_1_9' title='bbox 827 635 932 706; x_wconf 85' lang='lat' dir='ltr'><strong>velles</strong></span> <span class='ocrx_word' id='word_1_10' title='bbox 944 641 1092 732; x_wconf 76' lang='lat' dir='ltr'><strong>Scyrona</strong></span> <span class='ocrx_word' id='word_1_11' title='bbox 1104 655 1303 708; x_wconf 84' lang='lat' dir='ltr'><strong>crematum.</strong></span> 
     </span>
    </p>

    <p class='ocr_par' dir='ltr' id='par_1_3' title="bbox 440 745 1443 1173">
     <span class='ocr_line' id='line_1_3' title="bbox 440 745 1293 844; baseline 0.004 -29"><span class='ocrx_word' id='word_1_12' title='bbox 440 745 549 816; x_wconf 86' lang='lat' dir='ltr'>Credo</span> <span class='ocrx_word' id='word_1_13' title='bbox 561 761 594 814; x_wconf 87' lang='lat' dir='ltr'><strong>et</strong></span> <span class='ocrx_word' id='word_1_14' title='bbox 605 749 795 816; x_wconf 77' lang='lat' dir='ltr'><strong>Amazoniis</strong></span> <span class='ocrx_word' id='word_1_15' title='bbox 807 751 938 818; x_wconf 86' lang='lat' dir='ltr'>Tanain</span> <span class='ocrx_word' id='word_1_16' title='bbox 950 749 1100 818; x_wconf 82' lang='lat' dir='ltr'><strong>firmasse</strong></span> <span class='ocrx_word' id='word_1_17' title='bbox 1113 750 1293 844; x_wconf 81' lang='lat' dir='ltr'>sepulcris,</span> 
     </span>
     <span class='ocr_line' id='line_1_4' title="bbox 441 856 1443 956; baseline 0.002 -30"><span class='ocrx_word' id='word_1_18' title='bbox 441 856 621 926; x_wconf 84' lang='lat' dir='ltr'><strong>Undehaec</strong></span> <span class='ocrx_word' id='word_1_19' title='bbox 631 881 725 926; x_wconf 89' lang='lat' dir='ltr'><strong>arma</strong></span> <span class='ocrx_word' id='word_1_20' title='bbox 734 859 924 928; x_wconf 84' lang='lat' dir='ltr'><strong>refers:sed</strong></span> <span class='ocrx_word' id='word_1_21' title='bbox 932 876 965 928; x_wconf 86' lang='lat' dir='ltr'><strong>et</strong></span> <span class='ocrx_word' id='word_1_22' title='bbox 975 858 1214 955; x_wconf 76' lang='lat' dir='ltr'><strong>huncdignare</strong></span> <span class='ocrx_word' id='word_1_23' title='bbox 1222 859 1443 956; x_wconf 91' lang='lat' dir='ltr'><strong>triumphum.</strong></span> 
     </span>
     <span class='ocr_line' id='line_1_5' title="bbox 441 969 1443 1067; baseline -0.001 -31"><span class='ocrx_word' id='word_1_24' title='bbox 441 974 492 1036; x_wconf 90' lang='lat' dir='ltr'><strong>Da</strong></span> <span class='ocrx_word' id='word_1_25' title='bbox 503 973 600 1036; x_wconf 91' lang='lat' dir='ltr'><strong>terris</strong></span> <span class='ocrx_word' id='word_1_26' title='bbox 612 993 738 1050; x_wconf 88' lang='lat' dir='ltr'><strong>unum,</strong></span> <span class='ocrx_word' id='word_1_27' title='bbox 752 969 917 1065; x_wconf 70' lang='lat' dir='ltr'><strong>caeloque,</strong></span> <span class='ocrx_word' id='word_1_28' title='bbox 931 971 1109 1067; x_wconf 83' lang='lat' dir='ltr'><strong>Ereboque</strong></span> <span class='ocrx_word' id='word_1_29' title='bbox 1121 973 1290 1042; x_wconf 87' lang='lat' dir='ltr'><strong>lahorem:</strong></span> <span class='ocrx_word' id='word_1_30' title='bbox 1392 985 1443 1037; x_wconf 83' lang='lat'><strong>580</strong></span> 
     </span>
     <span class='ocr_line' id='line_1_6' title="bbox 441 1079 1242 1173; baseline 0 -23"><span class='ocrx_word' id='word_1_31' title='bbox 441 1083 473 1150; x_wconf 80' lang='lat' dir='ltr'><strong>si</strong></span> <span class='ocrx_word' id='word_1_32' title='bbox 485 1083 633 1173; x_wconf 88' lang='lat' dir='ltr'><strong>patrium</strong></span> <span class='ocrx_word' id='word_1_33' title='bbox 645 1079 845 1148; x_wconf 85' lang='lat' dir='ltr'><strong>Marathona</strong></span> <span class='ocrx_word' id='word_1_34' title='bbox 857 1097 966 1165; x_wconf 89' lang='lat' dir='ltr'><strong>metu,</strong></span> <span class='ocrx_word' id='word_1_35' title='bbox 981 1084 1009 1150; x_wconf 88' lang='lat' dir='ltr'><strong>si</strong></span> <span class='ocrx_word' id='word_1_36' title='bbox 1023 1098 1112 1150; x_wconf 87' lang='lat' dir='ltr'><strong>tecta</strong></span> <span class='ocrx_word' id='word_1_37' title='bbox 1125 1082 1242 1152; x_wconf 77' lang='lat' dir='ltr'><strong>levasti</strong></span> 
     </span>
    </p>

    <p class='ocr_par' dir='ltr' id='par_1_4' title="bbox 441 1192 1246 1289">
     <span class='ocr_line' id='line_1_7' title="bbox 441 1192 1246 1289; baseline 0.001 -28"><span class='ocrx_word' id='word_1_38' title='bbox 441 1195 588 1275; x_wconf 80' lang='lat' dir='ltr'><strong>Cressia,</strong></span> <span class='ocrx_word' id='word_1_39' title='bbox 601 1216 665 1260; x_wconf 92' lang='lat' dir='ltr'><strong>nec</strong></span> <span class='ocrx_word' id='word_1_40' title='bbox 676 1192 764 1260; x_wconf 87' lang='lat' dir='ltr'><strong>fudit</strong></span> <span class='ocrx_word' id='word_1_41' title='bbox 775 1217 879 1261; x_wconf 86' lang='lat' dir='ltr'><strong>vanos</strong></span> <span class='ocrx_word' id='word_1_42' title='bbox 891 1219 977 1263; x_wconf 94' lang='lat' dir='ltr'><strong>anus</strong></span> <span class='ocrx_word' id='word_1_43' title='bbox 990 1195 1124 1289; x_wconf 78' lang='lat' dir='ltr'><strong>hospita</strong></span> <span class='ocrx_word' id='word_1_44' title='bbox 1135 1193 1246 1264; x_wconf 86' lang='lat' dir='ltr'><strong>fletus.</strong></span> 
     </span>
    </p>

    <p class='ocr_par' dir='ltr' id='par_1_5' title="bbox 441 1301 1230 1400">
     <span class='ocr_line' id='line_1_8' title="bbox 441 1301 1230 1400; baseline 0.001 -27"><span class='ocrx_word' id='word_1_45' title='bbox 441 1306 495 1373; x_wconf 90' lang='lat' dir='ltr'><strong>Sic</strong></span> <span class='ocrx_word' id='word_1_46' title='bbox 510 1304 569 1371; x_wconf 87' lang='lat' dir='ltr'><strong>tibi</strong></span> <span class='ocrx_word' id='word_1_47' title='bbox 581 1326 651 1370; x_wconf 94' lang='lat' dir='ltr'><strong>non</strong></span> <span class='ocrx_word' id='word_1_48' title='bbox 663 1301 743 1370; x_wconf 84' lang='lat' dir='ltr'><strong>ullae</strong></span> <span class='ocrx_word' id='word_1_49' title='bbox 755 1305 845 1370; x_wconf 89' lang='lat' dir='ltr'><strong>socia</strong></span> <span class='ocrx_word' id='word_1_50' title='bbox 857 1307 931 1372; x_wconf 87' lang='lat' dir='ltr'><strong>sine</strong></span> <span class='ocrx_word' id='word_1_51' title='bbox 943 1305 1077 1374; x_wconf 86' lang='lat' dir='ltr'><strong>Pallade</strong></span> <span class='ocrx_word' id='word_1_52' title='bbox 1089 1331 1230 1400; x_wconf 73' lang='lat' dir='ltr'><strong>pugnae,</strong></span> 
     </span>
    </p>

    <p class='ocr_par' dir='ltr' id='par_1_6' title="bbox 443 1413 1250 1510">
     <span class='ocr_line' id='line_1_9' title="bbox 443 1413 1250 1510; baseline 0.006 -29"><span class='ocrx_word' id='word_1_53' title='bbox 443 1417 511 1481; x_wconf 88' lang='lat' dir='ltr'><strong>Nec</strong></span> <span class='ocrx_word' id='word_1_54' title='bbox 523 1437 618 1482; x_wconf 89' lang='lat' dir='ltr'><strong>saoer</strong></span> <span class='ocrx_word' id='word_1_55' title='bbox 630 1413 778 1482; x_wconf 86' lang='lat' dir='ltr'><strong>invideat</strong></span> <span class='ocrx_word' id='word_1_56' title='bbox 788 1414 927 1508; x_wconf 89' lang='lat' dir='ltr'><strong>paribus</strong></span> <span class='ocrx_word' id='word_1_57' title='bbox 940 1417 1139 1510; x_wconf 78' lang='lat' dir='ltr'><strong>Tirynthius</strong></span> <span class='ocrx_word' id='word_1_58' title='bbox 1150 1420 1250 1503; x_wconf 90' lang='lat' dir='ltr'><strong>actis,</strong></span> 
     </span>
    </p>

    <p class='ocr_par' dir='ltr' id='par_1_7' title="bbox 440 1529 1445 1734">
     <span class='ocr_line' id='line_1_10' title="bbox 442 1529 1445 1622; baseline -0.002 -25"><span class='ocrx_word' id='word_1_59' title='bbox 442 1531 580 1619; x_wconf 89' lang='lat' dir='ltr'><strong>Semper</strong></span> <span class='ocrx_word' id='word_1_60' title='bbox 592 1543 625 1594; x_wconf 90' lang='lat' dir='ltr'><strong>et</strong></span> <span class='ocrx_word' id='word_1_61' title='bbox 636 1529 671 1594; x_wconf 93' lang='lat' dir='ltr'><strong>in</strong></span> <span class='ocrx_word' id='word_1_62' title='bbox 683 1551 801 1610; x_wconf 87' lang='lat' dir='ltr'><strong>curru,</strong></span> <span class='ocrx_word' id='word_1_63' title='bbox 816 1553 950 1622; x_wconf 88' lang='lat' dir='ltr'><strong>semper</strong></span> <span class='ocrx_word' id='word_1_64' title='bbox 961 1547 995 1597; x_wconf 91' lang='lat' dir='ltr'><strong>te</strong></span> <span class='ocrx_word' id='word_1_65' title='bbox 1007 1546 1116 1598; x_wconf 90' lang='lat' dir='ltr'><strong>mater</strong></span> <span class='ocrx_word' id='word_1_66' title='bbox 1127 1546 1285 1599; x_wconf 90' lang='lat' dir='ltr'><strong>ovantem</strong></span> <span class='ocrx_word' id='word_1_67' title='bbox 1393 1541 1445 1596; x_wconf 84' lang='lat'><strong>585</strong></span> 
     </span>
     <span class='ocr_line' id='line_1_11' title="bbox 440 1640 1289 1734; baseline 0.007 -27"><span class='ocrx_word' id='word_1_68' title='bbox 440 1643 577 1721; x_wconf 85' lang='lat' dir='ltr'><strong>Cernat,</strong></span> <span class='ocrx_word' id='word_1_69' title='bbox 591 1654 626 1706; x_wconf 91' lang='lat' dir='ltr'><strong>et</strong></span> <span class='ocrx_word' id='word_1_70' title='bbox 636 1642 769 1708; x_wconf 87' lang='lat' dir='ltr'><strong>inviotae</strong></span> <span class='ocrx_word' id='word_1_71' title='bbox 781 1640 828 1707; x_wconf 88' lang='lat' dir='ltr'><strong>nil</strong></span> <span class='ocrx_word' id='word_1_72' title='bbox 841 1641 907 1708; x_wconf 90' lang='lat' dir='ltr'><strong>tale</strong></span> <span class='ocrx_word' id='word_1_73' title='bbox 920 1659 1103 1734; x_wconf 89' lang='lat' dir='ltr'><strong>precentur</strong></span> <span class='ocrx_word' id='word_1_74' title='bbox 1115 1641 1289 1712; x_wconf 75' lang='lat' dir='ltr'><strong>Athenae.»</strong></span> 
     </span>
    </p>

    <p class='ocr_par' dir='ltr' id='par_1_8' title="bbox 488 1751 1398 1849">
     <span class='ocr_line' id='line_1_12' title="bbox 488 1751 1398 1849; baseline 0.003 -33"><span class='ocrx_word' id='word_1_75' title='bbox 488 1751 641 1818; x_wconf 84' lang='lat' dir='ltr'><strong>Dixerat:</strong></span> <span class='ocrx_word' id='word_1_76' title='bbox 655 1753 829 1843; x_wconf 88' lang='lat' dir='ltr'><strong>excipiunt</strong></span> <span class='ocrx_word' id='word_1_77' title='bbox 840 1768 982 1836; x_wconf 77' lang='lat' dir='ltr'><strong>cunctas,</strong></span> <span class='ocrx_word' id='word_1_78' title='bbox 996 1752 1209 1849; x_wconf 84' lang='lat' dir='ltr'><strong>tenduntque</strong></span> <span class='ocrx_word' id='word_1_79' title='bbox 1221 1768 1398 1847; x_wconf 86' lang='lat' dir='ltr'><strong>precantes</strong></span> 
     </span>
    </p>
   </div>
   <div class='ocr_carea' id='block_1_3' title="bbox 390 1997 1448 4292">
    <p class='ocr_par' dir='ltr' id='par_1_9' title="bbox 394 1997 1447 2231">
     <span class='ocr_line' id='line_1_13' title="bbox 394 1997 1445 2072; baseline -0.001 -21"><span class='ocrx_word' id='word_1_80' title='bbox 394 1997 899 2068; x_wconf 65' lang='lat' dir='ltr'><strong>illeSinis,magniomalevirihuouaus,</strong></span> <span class='ocrx_word' id='word_1_81' title='bbox 978 1999 1039 2053; x_wconf 82' lang='lat'>580.</span> <span class='ocrx_word' id='word_1_82' title='bbox 1063 2001 1152 2053; x_wconf 82' lang='lat' dir='ltr'><strong>Unum</strong></span> <span class='ocrx_word' id='word_1_83' title='bbox 1173 1999 1289 2071; x_wconf 83' lang='lat' dir='ltr'><strong>aoeloque</strong></span> <span class='ocrx_word' id='word_1_84' title='bbox 1312 1999 1445 2072; x_wconf 77' lang='lat' dir='ltr'><strong>Ereboque</strong></span> 
     </span>
     <span class='ocr_line' id='line_1_14' title="bbox 394 2075 1447 2152; baseline 0 -22"><span class='ocrx_word' id='word_1_85' title='bbox 394 2079 447 2146; x_wconf 91' lang='lat' dir='ltr'><strong>Qui</strong></span> <span class='ocrx_word' id='word_1_86' title='bbox 456 2089 563 2148; x_wconf 87' lang='lat' dir='ltr'><strong>poterat</strong></span> <span class='ocrx_word' id='word_1_87' title='bbox 575 2093 686 2128; x_wconf 72' lang='lat' dir='ltr'><strong>tunore</strong></span> <span class='ocrx_word' id='word_1_88' title='bbox 696 2075 899 2150; x_wconf 70' lang='lat' dir='ltr'><strong>trabea,etage-</strong></span> <span class='ocrx_word' id='word_1_89' title='bbox 943 2081 1066 2133; x_wconf 76' lang='lat' dir='ltr'><strong>lahorem.</strong></span> <span class='ocrx_word' id='word_1_90' title='bbox 1078 2083 1121 2132; x_wconf 90' lang='lat' dir='ltr'><strong>Dii</strong></span> <span class='ocrx_word' id='word_1_91' title='bbox 1138 2082 1209 2132; x_wconf 89' lang='lat' dir='ltr'><strong>euim</strong></span> <span class='ocrx_word' id='word_1_92' title='bbox 1226 2082 1315 2152; x_wconf 78' lang='lat' dir='ltr'><strong>superi</strong></span> <span class='ocrx_word' id='word_1_93' title='bbox 1332 2091 1357 2132; x_wconf 87' lang='lat' dir='ltr'><strong>et</strong></span> <span class='ocrx_word' id='word_1_94' title='bbox 1368 2079 1447 2132; x_wconf 75' lang='lat' dir='ltr'><strong>inferi</strong></span> 
     </span>
     <span class='ocr_line' id='line_1_15' title="bbox 394 2157 1328 2231; baseline -0.005 -17"><span class='ocrx_word' id='word_1_95' title='bbox 394 2161 443 2214; x_wconf 86' lang='lat' dir='ltr'><strong>bot</strong></span> <span class='ocrx_word' id='word_1_96' title='bbox 456 2159 490 2212; x_wconf 87' lang='lat' dir='ltr'><strong>ab</strong></span> <span class='ocrx_word' id='word_1_97' title='bbox 502 2158 557 2210; x_wconf 85' lang='lat' dir='ltr'><strong>alta</strong></span> <span class='ocrx_word' id='word_1_98' title='bbox 573 2157 612 2210; x_wconf 83' lang='lat' dir='ltr'><strong>Ad</strong></span> <span class='ocrx_word' id='word_1_99' title='bbox 623 2171 719 2212; x_wconf 87' lang='lat' dir='ltr'><strong>terram</strong></span> <span class='ocrx_word' id='word_1_100' title='bbox 733 2160 785 2212; x_wconf 85' lang='lat' dir='ltr'><strong>late</strong></span> <span class='ocrx_word' id='word_1_101' title='bbox 794 2179 899 2231; x_wconf 84' lang='lat' dir='ltr'><strong>sparsu-</strong></span> <span class='ocrx_word' id='word_1_102' title='bbox 942 2159 1000 2230; x_wconf 79' lang='lat' dir='ltr'><strong>lege</strong></span> <span class='ocrx_word' id='word_1_103' title='bbox 1011 2161 1132 2212; x_wconf 86' lang='lat' dir='ltr'><strong>Creontis</strong></span> <span class='ocrx_word' id='word_1_104' title='bbox 1144 2158 1328 2211; x_wconf 76' lang='lat' dir='ltr'><strong>offenduntur.</strong></span> 
     </span>
    </p>

    <p class='ocr_par' dir='ltr' id='par_1_10' title="bbox 393 2236 1445 2632">
     <span class='ocr_line' id='line_1_16' title="bbox 394 2236 1444 2310; baseline -0.005 -19"><span class='ocrx_word' id='word_1_105' title='bbox 394 2259 438 2294; x_wconf 80' lang='lat' dir='ltr'><strong>ras</strong></span> <span class='ocrx_word' id='word_1_106' title='bbox 450 2257 564 2310; x_wconf 85' lang='lat' dir='ltr'><strong>corpora</strong></span> <span class='ocrx_word' id='word_1_107' title='bbox 580 2240 668 2309; x_wconf 88' lang='lat' dir='ltr'><strong>pinus.</strong></span> <span class='ocrx_word' id='word_1_108' title='bbox 685 2241 823 2292; x_wconf 78' lang='lat' dir='ltr'><strong>»Occisus</strong></span> <span class='ocrx_word' id='word_1_109' title='bbox 837 2253 898 2292; x_wconf 87' lang='lat' dir='ltr'><strong>tan·</strong></span> <span class='ocrx_word' id='word_1_110' title='bbox 979 2238 1038 2292; x_wconf 85' lang='grc'>581.</span> <span class='ocrx_word' id='word_1_111' title='bbox 1055 2238 1174 2289; x_wconf 84' lang='lat' dir='ltr'><strong>Patriam</strong></span> <span class='ocrx_word' id='word_1_112' title='bbox 1189 2236 1348 2290; x_wconf 76' lang='lat' dir='ltr'><strong>Marathona</strong></span> <span class='ocrx_word' id='word_1_113' title='bbox 1365 2245 1444 2286; x_wconf 83' lang='lat' dir='ltr'><strong>metu.</strong></span> 
     </span>
     <span class='ocr_line' id='line_1_17' title="bbox 395 2315 1442 2371; baseline -0.006 -1"><span class='ocrx_word' id='word_1_114' title='bbox 395 2318 456 2371; x_wconf 89' lang='lat' dir='ltr'><strong>dem</strong></span> <span class='ocrx_word' id='word_1_115' title='bbox 475 2319 526 2370; x_wconf 80' lang='lat' dir='ltr'><strong>tuit</strong></span> <span class='ocrx_word' id='word_1_116' title='bbox 544 2337 560 2370; x_wconf 85' lang='lat' dir='ltr'><strong>a</strong></span> <span class='ocrx_word' id='word_1_117' title='bbox 579 2315 692 2368; x_wconf 84' lang='lat' dir='ltr'><strong>Theseo.</strong></span> <span class='ocrx_word' id='word_1_118' title='bbox 708 2317 774 2369; x_wconf 84' lang='lat' dir='ltr'><strong>Vide</strong></span> <span class='ocrx_word' id='word_1_119' title='bbox 793 2319 897 2370; x_wconf 57' lang='lat' dir='ltr'><strong>Plutar»</strong></span> <span class='ocrx_word' id='word_1_120' title='bbox 942 2316 985 2370; x_wconf 91' lang='lat' dir='ltr'><strong>Ob</strong></span> <span class='ocrx_word' id='word_1_121' title='bbox 998 2319 1115 2368; x_wconf 84' lang='lat' dir='ltr'><strong>occisum</strong></span> <span class='ocrx_word' id='word_1_122' title='bbox 1126 2315 1230 2368; x_wconf 86' lang='lat' dir='ltr'><strong>leonem</strong></span> <span class='ocrx_word' id='word_1_123' title='bbox 1240 2315 1442 2367; x_wconf 85' lang='lat' dir='ltr'><strong>Marathonium.</strong></span> 
     </span>
     <span class='ocr_line' id='line_1_18' title="bbox 394 2393 1445 2463; baseline -0.008 -11"><span class='ocrx_word' id='word_1_124' title='bbox 394 2399 473 2452; x_wconf 88' lang='lat' dir='ltr'><strong>chum</strong></span> <span class='ocrx_word' id='word_1_125' title='bbox 489 2400 517 2448; x_wconf 92' lang='lat' dir='ltr'><strong>iu</strong></span> <span class='ocrx_word' id='word_1_126' title='bbox 535 2395 654 2460; x_wconf 87' lang='lat' dir='ltr'><strong>Theseo,</strong></span> <span class='ocrx_word' id='word_1_127' title='bbox 667 2398 823 2450; x_wconf 82' lang='lat' dir='ltr'><strong>Pausaniam</strong></span> <span class='ocrx_word' id='word_1_128' title='bbox 842 2398 898 2449; x_wconf 89' lang='lat' dir='ltr'><strong>Co·</strong></span> <span class='ocrx_word' id='word_1_129' title='bbox 942 2427 978 2438; x_wconf 93' lang='lat'>-</span> <span class='ocrx_word' id='word_1_130' title='bbox 989 2397 1119 2449; x_wconf 80' lang='lat' dir='ltr'><strong>Patrium.</strong></span> <span class='ocrx_word' id='word_1_131' title='bbox 1133 2396 1203 2463; x_wconf 89' lang='lat' dir='ltr'><strong>Quia</strong></span> <span class='ocrx_word' id='word_1_132' title='bbox 1215 2395 1356 2448; x_wconf 79' lang='lat' dir='ltr'><strong>Marathon</strong></span> <span class='ocrx_word' id='word_1_133' title='bbox 1370 2393 1445 2445; x_wconf 82' lang='lat' dir='ltr'><strong>lotos</strong></span> 
     </span>
     <span class='ocr_line' id='line_1_19' title="bbox 394 2474 1443 2550; baseline -0.008 -18"><span class='ocrx_word' id='word_1_134' title='bbox 394 2477 545 2540; x_wconf 82' lang='lat' dir='ltr'><strong>rinthiacls,</strong></span> <span class='ocrx_word' id='word_1_135' title='bbox 553 2488 578 2526; x_wconf 86' lang='lat' dir='ltr'><strong>et</strong></span> <span class='ocrx_word' id='word_1_136' title='bbox 587 2474 659 2526; x_wconf 68' lang='lat' dir='ltr'><strong>alios,</strong></span> <span class='ocrx_word' id='word_1_137' title='bbox 669 2476 819 2530; x_wconf 75' lang='lat' dir='ltr'><strong>-Dedisti</strong></span> <span class='ocrx_word' id='word_1_138' title='bbox 833 2477 898 2550; x_wconf 83' lang='lat' dir='ltr'><strong>Sup-</strong></span> <span class='ocrx_word' id='word_1_139' title='bbox 942 2478 968 2528; x_wconf 93' lang='lat' dir='ltr'><strong>in</strong></span> <span class='ocrx_word' id='word_1_140' title='bbox 979 2477 1075 2528; x_wconf 80' lang='lat' dir='ltr'><strong>Attica.</strong></span> <span class='ocrx_word' id='word_1_141' title='bbox 1083 2476 1155 2528; x_wconf 84' lang='lat' dir='ltr'><strong>-St&#39;</strong></span> <span class='ocrx_word' id='word_1_142' title='bbox 1166 2487 1230 2528; x_wconf 81' lang='lat' dir='ltr'><strong>terta</strong></span> <span class='ocrx_word' id='word_1_143' title='bbox 1242 2475 1331 2528; x_wconf 82' lang='lat' dir='ltr'><strong>levasti</strong></span> <span class='ocrx_word' id='word_1_144' title='bbox 1342 2476 1443 2528; x_wconf 69' lang='lat' dir='ltr'><strong>oreta.</strong></span> 
     </span>
     <span class='ocr_line' id='line_1_20' title="bbox 393 2553 1344 2632; baseline -0.006 -20"><span class='ocrx_word' id='word_1_145' title='bbox 393 2559 454 2632; x_wconf 85' lang='lat' dir='ltr'><strong>ple,</strong></span> <span class='ocrx_word' id='word_1_146' title='bbox 467 2556 638 2618; x_wconf 82' lang='lat' dir='ltr'><strong>laniandam,</strong></span> <span class='ocrx_word' id='word_1_147' title='bbox 649 2553 691 2606; x_wconf 81' lang='lat' dir='ltr'><strong>vel</strong></span> <span class='ocrx_word' id='word_1_148' title='bbox 702 2557 853 2608; x_wconf 84' lang='lat' dir='ltr'><strong>vorandum.</strong></span> <span class='ocrx_word' id='word_1_149' title='bbox 941 2557 1037 2608; x_wconf 85' lang='lat' dir='ltr'><strong>Occiso</strong></span> <span class='ocrx_word' id='word_1_150' title='bbox 1048 2555 1148 2608; x_wconf 84' lang='lat' dir='ltr'><strong>seilicet</strong></span> <span class='ocrx_word' id='word_1_151' title='bbox 1159 2557 1320 2607; x_wconf 84' lang='lat' dir='ltr'><strong>Minotauro.</strong></span> <span class='ocrx_word' id='word_1_152' title='bbox 1337 2579 1344 2592; x_wconf 84' lang='lat'><strong>·</strong></span> 
     </span>
    </p>

    <p class='ocr_par' dir='ltr' id='par_1_11' title="bbox 390 2631 1445 3586">
     <span class='ocr_line' id='line_1_21' title="bbox 430 2631 1444 2708; baseline -0.007 -17"><span class='ocrx_word' id='word_1_153' title='bbox 430 2637 490 2708; x_wconf 81' lang='lat'>577.</span> <span class='ocrx_word' id='word_1_154' title='bbox 506 2637 652 2704; x_wconf 80' lang='lat' dir='ltr'><strong>Cercyona,</strong></span> <span class='ocrx_word' id='word_1_155' title='bbox 665 2643 691 2684; x_wconf 89' lang='lat' dir='ltr'><strong>et</strong></span> <span class='ocrx_word' id='word_1_156' title='bbox 707 2649 799 2685; x_wconf 77' lang='lat' dir='ltr'><strong>trevam</strong></span> <span class='ocrx_word' id='word_1_157' title='bbox 819 2633 898 2688; x_wconf 78' lang='lat' dir='ltr'><strong>velles</strong></span> <span class='ocrx_word' id='word_1_158' title='bbox 977 2636 1037 2688; x_wconf 78' lang='lat'><strong>582.</strong></span> <span class='ocrx_word' id='word_1_159' title='bbox 1051 2637 1125 2688; x_wconf 79' lang='lat' dir='ltr'><strong>Anas</strong></span> <span class='ocrx_word' id='word_1_160' title='bbox 1137 2635 1246 2708; x_wconf 78' lang='lat' dir='ltr'><strong>hospita.</strong></span> <span class='ocrx_word' id='word_1_161' title='bbox 1259 2631 1371 2697; x_wconf 84' lang='lat' dir='ltr'><strong>Hecale,</strong></span> <span class='ocrx_word' id='word_1_162' title='bbox 1387 2651 1444 2704; x_wconf 67' lang='lat' dir='ltr'><strong>que</strong></span> 
     </span>
     <span class='ocr_line' id='line_1_22' title="bbox 392 2712 1445 2790; baseline -0.009 -18"><span class='ocrx_word' id='word_1_163' title='bbox 392 2720 510 2790; x_wconf 83' lang='lat' dir='ltr'><strong>Seyrana</strong></span> <span class='ocrx_word' id='word_1_164' title='bbox 526 2723 678 2767; x_wconf 77' lang='lat' dir='ltr'><strong>crematum.</strong></span> <span class='ocrx_word' id='word_1_165' title='bbox 693 2712 809 2782; x_wconf 81' lang='lat' dir='ltr'><strong>Scyrona</strong></span> <span class='ocrx_word' id='word_1_166' title='bbox 827 2731 897 2764; x_wconf 83' lang='lat' dir='ltr'><strong>crea·</strong></span> <span class='ocrx_word' id='word_1_167' title='bbox 941 2715 1073 2769; x_wconf 83' lang='lat' dir='ltr'><strong>Theseum</strong></span> <span class='ocrx_word' id='word_1_168' title='bbox 1081 2715 1277 2768; x_wconf 76' lang='lat' dir='ltr'><strong>adolescentem</strong></span> <span class='ocrx_word' id='word_1_169' title='bbox 1284 2713 1445 2784; x_wconf 82' lang='lat' dir='ltr'><strong>hospitiore·</strong></span> 
     </span>
     <span class='ocr_line' id='line_1_23' title="bbox 393 2790 1445 2868; baseline -0.008 -18"><span class='ocrx_word' id='word_1_170' title='bbox 393 2811 447 2851; x_wconf 85' lang='lat' dir='ltr'><strong>tum</strong></span> <span class='ocrx_word' id='word_1_171' title='bbox 462 2793 542 2848; x_wconf 78' lang='lat' dir='ltr'><strong>Aldd.</strong></span> <span class='ocrx_word' id='word_1_172' title='bbox 557 2791 642 2846; x_wconf 84' lang='lat' dir='ltr'><strong>Calin.</strong></span> <span class='ocrx_word' id='word_1_173' title='bbox 654 2805 680 2843; x_wconf 88' lang='lat' dir='ltr'><strong>et</strong></span> <span class='ocrx_word' id='word_1_174' title='bbox 691 2790 767 2843; x_wconf 82' lang='lat' dir='ltr'><strong>Basil.</strong></span> <span class='ocrx_word' id='word_1_175' title='bbox 780 2792 897 2864; x_wconf 79' lang='lat' dir='ltr'><strong>Scyrona</strong></span> <span class='ocrx_word' id='word_1_176' title='bbox 941 2798 1020 2868; x_wconf 86' lang='lat' dir='ltr'><strong>oepit.</strong></span> <span class='ocrx_word' id='word_1_177' title='bbox 1031 2795 1221 2849; x_wconf 78' lang='lat' dir='ltr'><strong>Undosacrum</strong></span> <span class='ocrx_word' id='word_1_178' title='bbox 1232 2792 1388 2846; x_wconf 82' lang='lat' dir='ltr'><strong>Hecalesion</strong></span> <span class='ocrx_word' id='word_1_179' title='bbox 1397 2809 1445 2864; x_wconf 87' lang='lat' dir='ltr'><strong>per</strong></span> 
     </span>
     <span class='ocr_line' id='line_1_24' title="bbox 393 2871 1443 2948; baseline -0.01 -15"><span class='ocrx_word' id='word_1_180' title='bbox 393 2877 503 2933; x_wconf 75' lang='lat' dir='ltr'><strong>eremari</strong></span> <span class='ocrx_word' id='word_1_181' title='bbox 516 2871 609 2926; x_wconf 86' lang='lat' dir='ltr'><strong>Behot.</strong></span> <span class='ocrx_word' id='word_1_182' title='bbox 625 2873 800 2944; x_wconf 84' lang='lat' dir='ltr'><strong>t,postremia</strong></span> <span class='ocrx_word' id='word_1_183' title='bbox 814 2873 897 2924; x_wconf 76' lang='lat' dir='ltr'><strong>literis</strong></span> <span class='ocrx_word' id='word_1_184' title='bbox 941 2893 1025 2948; x_wconf 75' lang='lat' dir='ltr'><strong>pagos</strong></span> <span class='ocrx_word' id='word_1_185' title='bbox 1046 2873 1152 2927; x_wconf 84' lang='lat' dir='ltr'><strong>celebre</strong></span> <span class='ocrx_word' id='word_1_186' title='bbox 1177 2875 1228 2926; x_wconf 82' lang='lat' dir='ltr'><strong>fuit</strong></span> <span class='ocrx_word' id='word_1_187' title='bbox 1248 2872 1347 2925; x_wconf 84' lang='lat' dir='ltr'><strong>Henalo</strong></span> <span class='ocrx_word' id='word_1_188' title='bbox 1369 2873 1443 2938; x_wconf 79' lang='lat' dir='ltr'><strong>Jovi,</strong></span> 
     </span>
     <span class='ocr_line' id='line_1_25' title="bbox 393 2949 1442 3029; baseline -0.006 -19"><span class='ocrx_word' id='word_1_189' title='bbox 393 2957 537 3029; x_wconf 85' lang='lat' dir='ltr'><strong>rescriptis.</strong></span> <span class='ocrx_word' id='word_1_190' title='bbox 552 2981 588 2993; x_wconf 92' lang='lat'>-</span> <span class='ocrx_word' id='word_1_191' title='bbox 603 2953 667 3022; x_wconf 67' lang='lat' dir='ltr'><strong>Bag.</strong></span> <span class='ocrx_word' id='word_1_192' title='bbox 682 2952 703 3001; x_wconf 87' lang='lat' dir='ltr'>B</span> <span class='ocrx_word' id='word_1_193' title='bbox 718 2949 813 3012; x_wconf 89' lang='lat' dir='ltr'><strong>habet,</strong></span> <span class='ocrx_word' id='word_1_194' title='bbox 836 2953 897 3004; x_wconf 73' lang='lat' dir='ltr'><strong>Cen·</strong></span> <span class='ocrx_word' id='word_1_195' title='bbox 941 2975 997 3007; x_wconf 91' lang='lat' dir='ltr'><strong>nou</strong></span> <span class='ocrx_word' id='word_1_196' title='bbox 1010 2953 1276 3026; x_wconf 78' lang='lat' dir='ltr'><strong>siueipsiusHeeales</strong></span> <span class='ocrx_word' id='word_1_197' title='bbox 1286 2951 1442 3005; x_wconf 83' lang='lat' dir='ltr'><strong>honoribus.</strong></span> 
     </span>
     <span class='ocr_line' id='line_1_26' title="bbox 390 3030 1442 3114; baseline -0.008 -23"><span class='ocrx_word' id='word_1_198' title='bbox 390 3057 476 3114; x_wconf 73' lang='lat' dir='ltr'><strong>qyon,</strong></span> <span class='ocrx_word' id='word_1_199' title='bbox 489 3049 515 3089; x_wconf 82' lang='lat' dir='ltr'><strong>et</strong></span> <span class='ocrx_word' id='word_1_200' title='bbox 526 3051 620 3088; x_wconf 77' lang='lat' dir='ltr'><strong>savum</strong></span> <span class='ocrx_word' id='word_1_201' title='bbox 638 3030 716 3084; x_wconf 79' lang='lat' dir='ltr'><strong>vellet</strong></span> <span class='ocrx_word' id='word_1_202' title='bbox 731 3032 825 3085; x_wconf 84' lang='lat' dir='ltr'><strong>Cirona</strong></span> <span class='ocrx_word' id='word_1_203' title='bbox 840 3051 896 3084; x_wconf 83' lang='lat' dir='ltr'><strong>cre-</strong></span> <span class='ocrx_word' id='word_1_204' title='bbox 940 3037 1111 3104; x_wconf 87' lang='lat' dir='ltr'><strong>Quametiarn</strong></span> <span class='ocrx_word' id='word_1_205' title='bbox 1118 3033 1277 3086; x_wconf 79' lang='lat' dir='ltr'><strong>Hecalenem</strong></span> <span class='ocrx_word' id='word_1_206' title='bbox 1289 3031 1442 3084; x_wconf 73' lang='lat' dir='ltr'><strong>thudoutira</strong></span> 
     </span>
     <span class='ocr_line' id='line_1_27' title="bbox 392 3112 1441 3184; baseline -0.006 -14"><span class='ocrx_word' id='word_1_207' title='bbox 392 3131 501 3170; x_wconf 82' lang='lat' dir='ltr'><strong>matam.</strong></span> <span class='ocrx_word' id='word_1_208' title='bbox 516 3112 895 3182; x_wconf 74' lang='lat' dir='ltr'><strong>En-CerryonaCereyon</strong></span> <span class='ocrx_word' id='word_1_209' title='bbox 940 3115 1026 3166; x_wconf 80' lang='lat' dir='ltr'><strong>forma</strong></span> <span class='ocrx_word' id='word_1_210' title='bbox 1056 3113 1207 3180; x_wconf 82' lang='lat' dir='ltr'><strong>vorabant,</strong></span> <span class='ocrx_word' id='word_1_211' title='bbox 1238 3115 1365 3184; x_wconf 88' lang='lat' dir='ltr'><strong>quoniam</strong></span> <span class='ocrx_word' id='word_1_212' title='bbox 1386 3115 1441 3184; x_wconf 86' lang='lat' dir='ltr'><strong>ipsa</strong></span> 
     </span>
     <span class='ocr_line' id='line_1_28' title="bbox 392 3191 1443 3271; baseline -0.008 -19"><span class='ocrx_word' id='word_1_213' title='bbox 392 3197 500 3271; x_wconf 74' lang='lat' dir='ltr'><strong>insignis</strong></span> <span class='ocrx_word' id='word_1_214' title='bbox 516 3198 595 3248; x_wconf 83' lang='lat' dir='ltr'><strong>etiam</strong></span> <span class='ocrx_word' id='word_1_215' title='bbox 607 3191 675 3244; x_wconf 89' lang='lat' dir='ltr'><strong>latro</strong></span> <span class='ocrx_word' id='word_1_216' title='bbox 693 3193 787 3243; x_wconf 76' lang='lat' dir='ltr'><strong>Attice</strong></span> <span class='ocrx_word' id='word_1_217' title='bbox 808 3194 896 3262; x_wconf 71' lang='lat' dir='ltr'><strong>regio·</strong></span> <span class='ocrx_word' id='word_1_218' title='bbox 941 3213 1048 3266; x_wconf 87' lang='lat' dir='ltr'><strong>quoque</strong></span> <span class='ocrx_word' id='word_1_219' title='bbox 1061 3191 1256 3246; x_wconf 81' lang='lat' dir='ltr'><strong>adolescentem</strong></span> <span class='ocrx_word' id='word_1_220' title='bbox 1265 3193 1443 3245; x_wconf 78' lang='lat' dir='ltr'><strong>Theseumsa·</strong></span> 
     </span>
     <span class='ocr_line' id='line_1_29' title="bbox 392 3271 1442 3348; baseline -0.008 -18"><span class='ocrx_word' id='word_1_221' title='bbox 392 3280 447 3341; x_wconf 79' lang='lat' dir='ltr'><strong>nis,</strong></span> <span class='ocrx_word' id='word_1_222' title='bbox 469 3294 547 3348; x_wconf 84' lang='lat' dir='ltr'><strong>quem</strong></span> <span class='ocrx_word' id='word_1_223' title='bbox 567 3271 686 3324; x_wconf 72' lang='lat' dir='ltr'><strong>Theseus</strong></span> <span class='ocrx_word' id='word_1_224' title='bbox 707 3272 846 3322; x_wconf 79' lang='lat' dir='ltr'><strong>interfecit.</strong></span> <span class='ocrx_word' id='word_1_225' title='bbox 859 3301 896 3312; x_wconf 90' lang='lat'><em>-</em></span> <span class='ocrx_word' id='word_1_226' title='bbox 940 3273 1025 3326; x_wconf 84' lang='lat' dir='ltr'><strong>lutare</strong></span> <span class='ocrx_word' id='word_1_227' title='bbox 1040 3273 1155 3339; x_wconf 84' lang='lat' dir='ltr'><strong>aniliter,</strong></span> <span class='ocrx_word' id='word_1_228' title='bbox 1171 3285 1197 3325; x_wconf 88' lang='lat' dir='ltr'><strong>et</strong></span> <span class='ocrx_word' id='word_1_229' title='bbox 1208 3271 1362 3344; x_wconf 85' lang='lat' dir='ltr'><strong>hujusmodi</strong></span> <span class='ocrx_word' id='word_1_230' title='bbox 1374 3273 1442 3324; x_wconf 86' lang='lat' dir='ltr'><strong>exci-</strong></span> 
     </span>
     <span class='ocr_line' id='line_1_30' title="bbox 391 3350 1441 3428; baseline -0.008 -17"><span class='ocrx_word' id='word_1_231' title='bbox 391 3361 515 3428; x_wconf 87' lang='lat' dir='ltr'><strong>Scyrona.</strong></span> <span class='ocrx_word' id='word_1_232' title='bbox 539 3351 605 3404; x_wconf 87' lang='lat' dir='ltr'><strong>Vide</strong></span> <span class='ocrx_word' id='word_1_233' title='bbox 625 3350 709 3402; x_wconf 83' lang='lat' dir='ltr'><strong>Theb.</strong></span> <span class='ocrx_word' id='word_1_234' title='bbox 732 3352 755 3415; x_wconf 93' lang='lat' dir='ltr'><strong>l,</strong></span> <span class='ocrx_word' id='word_1_235' title='bbox 776 3350 838 3402; x_wconf 84' lang='lat'>333.</span> <span class='ocrx_word' id='word_1_236' title='bbox 859 3377 896 3390; x_wconf 88' lang='lat'><em>-</em></span> <span class='ocrx_word' id='word_1_237' title='bbox 939 3373 1003 3426; x_wconf 84' lang='lat' dir='ltr'><strong>pere</strong></span> <span class='ocrx_word' id='word_1_238' title='bbox 1011 3355 1226 3407; x_wconf 84' lang='lat' dir='ltr'><strong>diminutivorum</strong></span> <span class='ocrx_word' id='word_1_239' title='bbox 1234 3352 1371 3406; x_wconf 83' lang='lat' dir='ltr'><strong>blanditiis</strong></span> <span class='ocrx_word' id='word_1_240' title='bbox 1380 3369 1441 3404; x_wconf 84' lang='lat' dir='ltr'><strong>eon·</strong></span> 
     </span>
     <span class='ocr_line' id='line_1_31' title="bbox 395 3429 1441 3500; baseline -0.009 -10"><span class='ocrx_word' id='word_1_241' title='bbox 395 3439 548 3490; x_wconf 72' lang='lat' dir='ltr'><strong>crematum.</strong></span> <span class='ocrx_word' id='word_1_242' title='bbox 562 3433 639 3482; x_wconf 86' lang='lat' dir='ltr'><strong>lluno</strong></span> <span class='ocrx_word' id='word_1_243' title='bbox 658 3431 728 3480; x_wconf 85' lang='lat' dir='ltr'><strong>enim</strong></span> <span class='ocrx_word' id='word_1_244' title='bbox 748 3442 852 3500; x_wconf 87' lang='lat' dir='ltr'><strong>epetra</strong></span> <span class='ocrx_word' id='word_1_245' title='bbox 867 3429 894 3480; x_wconf 91' lang='lat' dir='ltr'><strong>in</strong></span> <span class='ocrx_word' id='word_1_246' title='bbox 940 3431 1441 3486; x_wconf 80' lang='lat' dir='ltr'><strong>suevisset.VidePlutarchumTheseo.</strong></span> 
     </span>
     <span class='ocr_line' id='line_1_32' title="bbox 391 3507 1444 3586; baseline -0.006 -17"><span class='ocrx_word' id='word_1_247' title='bbox 391 3535 462 3569; x_wconf 87' lang='lat' dir='ltr'><strong>mare</strong></span> <span class='ocrx_word' id='word_1_248' title='bbox 473 3513 683 3586; x_wconf 77' lang='lat' dir='ltr'><strong>praecipitaverat</strong></span> <span class='ocrx_word' id='word_1_249' title='bbox 695 3507 823 3560; x_wconf 75' lang='lat' dir='ltr'><strong>Theseus·</strong></span> <span class='ocrx_word' id='word_1_250' title='bbox 940 3515 1069 3567; x_wconf 69' lang='lat' dir='ltr'><strong>Ceterum</strong></span> <span class='ocrx_word' id='word_1_251' title='bbox 1079 3513 1112 3565; x_wconf 85' lang='lat' dir='ltr'><strong>de</strong></span> <span class='ocrx_word' id='word_1_252' title='bbox 1124 3533 1154 3566; x_wconf 90' lang='lat' dir='ltr'><strong>ea</strong></span> <span class='ocrx_word' id='word_1_253' title='bbox 1164 3515 1266 3583; x_wconf 81' lang='lat' dir='ltr'><strong>justum</strong></span> <span class='ocrx_word' id='word_1_254' title='bbox 1279 3531 1374 3584; x_wconf 82' lang='lat' dir='ltr'><strong>poema</strong></span> <span class='ocrx_word' id='word_1_255' title='bbox 1385 3510 1444 3563; x_wconf 82' lang='lat' dir='ltr'><strong>Cal·</strong></span> 
     </span>
    </p>

    <p class='ocr_par' dir='ltr' id='par_1_12' title="bbox 390 3589 1448 4292">
     <span class='ocr_line' id='line_1_33' title="bbox 430 3589 1293 3666; baseline -0.008 -17"><span class='ocrx_word' id='word_1_256' title='bbox 430 3596 490 3666; x_wconf 82' lang='grc'>578.</span> <span class='ocrx_word' id='word_1_257' title='bbox 505 3594 531 3646; x_wconf 84' lang='lat' dir='ltr'><strong>C.</strong></span> <span class='ocrx_word' id='word_1_258' title='bbox 540 3610 561 3642; x_wconf 90' lang='lat' dir='ltr'><strong>e.</strong></span> <span class='ocrx_word' id='word_1_259' title='bbox 574 3591 607 3641; x_wconf 85' lang='lat' dir='ltr'><strong>A.</strong></span> <span class='ocrx_word' id='word_1_260' title='bbox 621 3590 725 3641; x_wconf 81' lang='lat' dir='ltr'><strong>Tanain</strong></span> <span class='ocrx_word' id='word_1_261' title='bbox 729 3589 849 3660; x_wconf 80' lang='lat' dir='ltr'><strong>fumasse</strong></span> <span class='ocrx_word' id='word_1_262' title='bbox 859 3605 896 3640; x_wconf 83' lang='lat' dir='ltr'><strong>te·</strong></span> <span class='ocrx_word' id='word_1_263' title='bbox 939 3591 1069 3645; x_wconf 85' lang='lat' dir='ltr'><strong>limaehus</strong></span> <span class='ocrx_word' id='word_1_264' title='bbox 1080 3593 1176 3644; x_wconf 79' lang='lat' dir='ltr'><strong>fecisse</strong></span> <span class='ocrx_word' id='word_1_265' title='bbox 1187 3591 1293 3644; x_wconf 88' lang='lat' dir='ltr'><strong>dicitur.</strong></span> 
     </span>
     <span class='ocr_line' id='line_1_34' title="bbox 390 3669 1441 3750; baseline -0.008 -22"><span class='ocrx_word' id='word_1_266' title='bbox 390 3675 499 3750; x_wconf 78' lang='lat' dir='ltr'><strong>pulerit.</strong></span> <span class='ocrx_word' id='word_1_267' title='bbox 515 3670 601 3724; x_wconf 84' lang='lat' dir='ltr'><strong>Tanai</strong></span> <span class='ocrx_word' id='word_1_268' title='bbox 609 3669 726 3742; x_wconf 78' lang='lat' dir='ltr'><strong>fumasse</strong></span> <span class='ocrx_word' id='word_1_269' title='bbox 740 3671 798 3720; x_wconf 86' lang='lat' dir='ltr'><strong>Pot.</strong></span> <span class='ocrx_word' id='word_1_270' title='bbox 813 3669 894 3739; x_wconf 74' lang='lat' dir='ltr'><strong>hang.</strong></span> <span class='ocrx_word' id='word_1_271' title='bbox 976 3671 1037 3738; x_wconf 71' lang='lat'>584.</span> <span class='ocrx_word' id='word_1_272' title='bbox 1053 3672 1139 3725; x_wconf 83' lang='lat' dir='ltr'><strong>Sacer.</strong></span> <span class='ocrx_word' id='word_1_273' title='bbox 1152 3670 1183 3722; x_wconf 88' lang='lat' dir='ltr'><strong>ld</strong></span> <span class='ocrx_word' id='word_1_274' title='bbox 1198 3685 1250 3738; x_wconf 87' lang='lat' dir='ltr'><strong>est,</strong></span> <span class='ocrx_word' id='word_1_275' title='bbox 1264 3687 1389 3742; x_wconf 69' lang='lat' dir='ltr'><strong>magnus,</strong></span> <span class='ocrx_word' id='word_1_276' title='bbox 1400 3669 1441 3721; x_wconf 82' lang='lat' dir='ltr'><strong>vel</strong></span> 
     </span>
     <span class='ocr_line' id='line_1_35' title="bbox 394 3748 1441 3823; baseline -0.011 -13"><span class='ocrx_word' id='word_1_277' title='bbox 394 3753 493 3810; x_wconf 83' lang='lat' dir='ltr'><strong>Buslid.</strong></span> <span class='ocrx_word' id='word_1_278' title='bbox 508 3752 623 3823; x_wconf 81' lang='lat' dir='ltr'><strong>lipsien.</strong></span> <span class='ocrx_word' id='word_1_279' title='bbox 645 3763 670 3802; x_wconf 88' lang='lat' dir='ltr'><strong>et</strong></span> <span class='ocrx_word' id='word_1_280' title='bbox 685 3748 745 3802; x_wconf 87' lang='lat' dir='ltr'><strong>edd.</strong></span> <span class='ocrx_word' id='word_1_281' title='bbox 762 3761 825 3800; x_wconf 84' lang='lat' dir='ltr'><strong>vett.</strong></span> <span class='ocrx_word' id='word_1_282' title='bbox 844 3749 896 3800; x_wconf 84' lang='lat' dir='ltr'><strong>Ta·</strong></span> <span class='ocrx_word' id='word_1_283' title='bbox 937 3753 993 3821; x_wconf 81' lang='lat' dir='ltr'><strong>jam</strong></span> <span class='ocrx_word' id='word_1_284' title='bbox 1012 3750 1075 3802; x_wconf 78' lang='lat' dir='ltr'><strong>caelo</strong></span> <span class='ocrx_word' id='word_1_285' title='bbox 1097 3763 1279 3802; x_wconf 85' lang='lat' dir='ltr'><strong>consecratus.</strong></span> <span class='ocrx_word' id='word_1_286' title='bbox 1300 3751 1343 3803; x_wconf 83' lang='lat' dir='ltr'><strong>sie</strong></span> <span class='ocrx_word' id='word_1_287' title='bbox 1367 3767 1441 3803; x_wconf 79' lang='lat' dir='ltr'><strong>sacer</strong></span> 
     </span>
     <span class='ocr_line' id='line_1_36' title="bbox 395 3827 1330 3909; baseline -0.011 -19"><span class='ocrx_word' id='word_1_288' title='bbox 395 3857 450 3892; x_wconf 87' lang='lat' dir='ltr'><strong>nan</strong></span> <span class='ocrx_word' id='word_1_289' title='bbox 456 3836 573 3909; x_wconf 74' lang='lat' dir='ltr'><strong>frantane</strong></span> <span class='ocrx_word' id='word_1_290' title='bbox 584 3831 677 3885; x_wconf 87' lang='lat' dir='ltr'><strong>Behot.</strong></span> <span class='ocrx_word' id='word_1_291' title='bbox 692 3847 719 3894; x_wconf 68' lang='grc' dir='ltr'><strong>ις</strong></span> <span class='ocrx_word' id='word_1_292' title='bbox 735 3831 838 3884; x_wconf 82' lang='lat' dir='ltr'><strong>Tanain</strong></span> <span class='ocrx_word' id='word_1_293' title='bbox 845 3827 896 3900; x_wconf 78' lang='lat' dir='ltr'><strong>fir·</strong></span> <span class='ocrx_word' id='word_1_294' title='bbox 940 3829 1067 3890; x_wconf 78' lang='lat' dir='ltr'><strong>morbus,</strong></span> <span class='ocrx_word' id='word_1_295' title='bbox 1080 3831 1125 3899; x_wconf 92' lang='lat' dir='ltr'><strong>qui</strong></span> <span class='ocrx_word' id='word_1_296' title='bbox 1140 3841 1165 3881; x_wconf 90' lang='lat' dir='ltr'><strong>et</strong></span> <span class='ocrx_word' id='word_1_297' title='bbox 1176 3829 1330 3881; x_wconf 80' lang='lat' dir='ltr'><strong>Herculeus.</strong></span> 
     </span>
     <span class='ocr_line' id='line_1_37' title="bbox 393 3907 1443 3981; baseline -0.012 -9"><span class='ocrx_word' id='word_1_298' title='bbox 393 3916 548 3973; x_wconf 81' lang='lat' dir='ltr'><strong>masseDan.</strong></span> <span class='ocrx_word' id='word_1_299' title='bbox 556 3910 648 3962; x_wconf 85' lang='lat' dir='ltr'><strong>Behot.</strong></span> <span class='ocrx_word' id='word_1_300' title='bbox 656 3928 684 3974; x_wconf 79' lang='lat' dir='ltr'><strong>a,</strong></span> <span class='ocrx_word' id='word_1_301' title='bbox 693 3909 797 3964; x_wconf 80' lang='lat' dir='ltr'><strong>Gerart.</strong></span> <span class='ocrx_word' id='word_1_302' title='bbox 807 3907 894 3962; x_wconf 82' lang='lat' dir='ltr'><strong>Barth.</strong></span> <span class='ocrx_word' id='word_1_303' title='bbox 976 3909 1038 3964; x_wconf 80' lang='lat'><strong>586.</strong></span> <span class='ocrx_word' id='word_1_304' title='bbox 1050 3909 1169 3961; x_wconf 73' lang='lat' dir='ltr'><strong>Athene.</strong></span> <span class='ocrx_word' id='word_1_305' title='bbox 1182 3909 1226 3962; x_wconf 85' lang='lat' dir='ltr'><strong>Nil</strong></span> <span class='ocrx_word' id='word_1_306' title='bbox 1236 3907 1287 3961; x_wconf 85' lang='lat' dir='ltr'><strong>tale</strong></span> <span class='ocrx_word' id='word_1_307' title='bbox 1297 3910 1443 3981; x_wconf 83' lang='lat' dir='ltr'><strong>patiantur,</strong></span> 
     </span>
     <span class='ocr_line' id='line_1_38' title="bbox 394 3987 1444 4065; baseline -0.012 -13"><span class='ocrx_word' id='word_1_308' title='bbox 394 4011 419 4053; x_wconf 87' lang='lat' dir='ltr'><strong>et</strong></span> <span class='ocrx_word' id='word_1_309' title='bbox 433 3992 531 4065; x_wconf 87' lang='lat' dir='ltr'><strong>Delph.</strong></span> <span class='ocrx_word' id='word_1_310' title='bbox 547 4021 582 4029; x_wconf 91' lang='lat'>-</span> <span class='ocrx_word' id='word_1_311' title='bbox 598 3990 711 4041; x_wconf 80' lang='lat' dir='ltr'><strong>Tanain.</strong></span> <span class='ocrx_word' id='word_1_312' title='bbox 733 3992 830 4042; x_wconf 84' lang='lat' dir='ltr'><strong>Tanais</strong></span> <span class='ocrx_word' id='word_1_313' title='bbox 845 3987 896 4040; x_wconf 83' lang='lat' dir='ltr'><strong>lla·</strong></span> <span class='ocrx_word' id='word_1_314' title='bbox 941 3988 1019 4061; x_wconf 83' lang='lat' dir='ltr'><strong>quala</strong></span> <span class='ocrx_word' id='word_1_315' title='bbox 1036 4007 1107 4040; x_wconf 91' lang='lat' dir='ltr'><strong>nuno</strong></span> <span class='ocrx_word' id='word_1_316' title='bbox 1128 3991 1222 4041; x_wconf 80' lang='lat' dir='ltr'><strong>misera</strong></span> <span class='ocrx_word' id='word_1_317' title='bbox 1240 4001 1330 4042; x_wconf 83' lang='lat' dir='ltr'><strong>nostra</strong></span> <span class='ocrx_word' id='word_1_318' title='bbox 1350 3991 1444 4060; x_wconf 81' lang='lat' dir='ltr'><strong>patria.</strong></span> 
     </span>
     <span class='ocr_line' id='line_1_39' title="bbox 392 4068 1446 4144; baseline -0.009 -14"><span class='ocrx_word' id='word_1_319' title='bbox 392 4078 451 4130; x_wconf 80' lang='lat' dir='ltr'><strong>rius</strong></span> <span class='ocrx_word' id='word_1_320' title='bbox 466 4070 590 4144; x_wconf 73' lang='lat' dir='ltr'><strong>Scythia,</strong></span> <span class='ocrx_word' id='word_1_321' title='bbox 608 4068 793 4120; x_wconf 85' lang='lat' dir='ltr'><strong>disterminans</strong></span> <span class='ocrx_word' id='word_1_322' title='bbox 811 4070 896 4119; x_wconf 86' lang='lat' dir='ltr'><strong>Euro·</strong></span> <span class='ocrx_word' id='word_1_323' title='bbox 941 4071 999 4121; x_wconf 86' lang='lat' dir='ltr'><strong>Hae</strong></span> <span class='ocrx_word' id='word_1_324' title='bbox 1012 4083 1065 4135; x_wconf 84' lang='lat' dir='ltr'><strong>est,</strong></span> <span class='ocrx_word' id='word_1_325' title='bbox 1075 4081 1103 4120; x_wconf 90' lang='lat' dir='ltr'><strong>ut</strong></span> <span class='ocrx_word' id='word_1_326' title='bbox 1115 4072 1142 4120; x_wconf 88' lang='lat' dir='ltr'><strong>in</strong></span> <span class='ocrx_word' id='word_1_327' title='bbox 1157 4069 1325 4141; x_wconf 82' lang='lat' dir='ltr'><strong>expeditione</strong></span> <span class='ocrx_word' id='word_1_328' title='bbox 1334 4087 1386 4141; x_wconf 84' lang='lat' dir='ltr'><strong>pro</strong></span> <span class='ocrx_word' id='word_1_329' title='bbox 1396 4087 1446 4121; x_wconf 89' lang='lat' dir='ltr'><strong>no·</strong></span> 
     </span>
     <span class='ocr_line' id='line_1_40' title="bbox 392 4147 1448 4232; baseline -0.008 -22"><span class='ocrx_word' id='word_1_330' title='bbox 392 4175 455 4232; x_wconf 85' lang='lat' dir='ltr'><strong>para</strong></span> <span class='ocrx_word' id='word_1_331' title='bbox 471 4153 505 4207; x_wconf 83' lang='lat' dir='ltr'><strong>ab</strong></span> <span class='ocrx_word' id='word_1_332' title='bbox 519 4152 580 4204; x_wconf 80' lang='lat' dir='ltr'><strong>Asia</strong></span> <span class='ocrx_word' id='word_1_333' title='bbox 599 4148 705 4202; x_wconf 75' lang='lat' dir='ltr'><strong>:influit</strong></span> <span class='ocrx_word' id='word_1_334' title='bbox 724 4151 749 4200; x_wconf 89' lang='lat' dir='ltr'><strong>in</strong></span> <span class='ocrx_word' id='word_1_335' title='bbox 769 4147 895 4220; x_wconf 83' lang='lat' dir='ltr'><strong>paludem</strong></span> <span class='ocrx_word' id='word_1_336' title='bbox 940 4149 981 4202; x_wconf 87' lang='lat' dir='ltr'><strong>bis</strong></span> <span class='ocrx_word' id='word_1_337' title='bbox 993 4162 1084 4215; x_wconf 86' lang='lat' dir='ltr'><strong>eas,at</strong></span> <span class='ocrx_word' id='word_1_338' title='bbox 1093 4151 1178 4202; x_wconf 81' lang='lat' dir='ltr'><strong>vietor</strong></span> <span class='ocrx_word' id='word_1_339' title='bbox 1185 4147 1352 4222; x_wconf 79' lang='lat' dir='ltr'><strong>triumphans</strong></span> <span class='ocrx_word' id='word_1_340' title='bbox 1362 4167 1448 4203; x_wconf 75' lang='lat' dir='ltr'><strong>rerer·</strong></span> 
     </span>
     <span class='ocr_line' id='line_1_41' title="bbox 392 4225 1183 4292; baseline -0.011 -5"><span class='ocrx_word' id='word_1_341' title='bbox 392 4236 510 4291; x_wconf 58' lang='lat' dir='ltr'><strong>Maeotin.</strong></span> <span class='ocrx_word' id='word_1_342' title='bbox 628 4271 633 4292; x_wconf 83' lang='grc'>,</span> <span class='ocrx_word' id='word_1_343' title='bbox 941 4228 1011 4280; x_wconf 83' lang='lat' dir='ltr'><strong>taris.</strong></span> <span class='ocrx_word' id='word_1_344' title='bbox 1024 4229 1084 4279; x_wconf 83' lang='lat' dir='ltr'><strong>Ver.</strong></span> <span class='ocrx_word' id='word_1_345' title='bbox 1096 4225 1183 4282; x_wconf 83' lang='lat' dir='ltr'><strong>Schol.</strong></span> 
     </span>
    </p>
   </div>
   <div class='ocr_carea' id='block_1_4' title="bbox 0 0 1632 5160">
    <p class='ocr_par' dir='ltr' id='par_1_13' title="bbox 0 0 1632 5160">
     <span class='ocr_line' id='line_1_42' title="bbox 0 0 1632 5160; baseline 0 1"><span class='ocrx_word' id='word_1_346' title='bbox 0 0 1632 5160; x_wconf 95' lang='lat' dir='ltr'><strong> </strong></span> 
     </span>
    </p>
   </div>
  </div>
 </body>
</html>
