3230 5168
533 557 675 622 utnnn
699 556 802 622 vui.
1147 585 1202 650 99,

197 684 321 779 Dejecit
332 682 472 750 fortuna
484 680 579 776 polo,
595 680 831 778 mundumque
843 699 1022 755 nocentem

198 799 296 865 Servo
309 822 316 860 :
330 817 393 861 nec
404 794 467 862 iste
478 816 591 876 meua,
605 790 755 888 dirisque
767 818 810 863 en
821 798 957 891 pervius
968 799 1066 864 astris
1161 813 1194 878 to

199 906 387 998 Inspicitur.
401 901 613 971 Tumidusne
624 927 718 972 meas
729 919 887 997 regnator
898 905 1036 1000 Olympi

199 1016 354 1111 Explorat
365 1019 475 1112 vires?
485 1015 595 1086 habco
604 1014 675 1110 jam
688 1041 810 1112 quassa
822 1020 1004 1110 Gigantum
1076 1064 1077 1070 κ

200 1127 356 1210 Vincula,
370 1143 403 1194 et
415 1125 599 1196 aethereum
612 1127 753 1220 cupidos
766 1131 855 1198 exire
868 1129 931 1196 sub
943 1153 1042 1198 axem

200 1240 349 1322 Titanas,
363 1241 593 1332 miserumque
605 1253 756 1330 patrem:
770 1237 852 1334 quid
863 1263 918 1306 me
930 1243 998 1307 otia
1009 1257 1128 1308 moesta

201 1351 326 1430 Savus,
339 1363 373 1416 et
384 1347 600 1440 implacidam
612 1349 769 1441 prohibet
780 1349 929 1444 perferre
941 1353 1111 1442 quietem?
1164 1363 1197 1430 45

201 1465 437 1556 amissumque
448 1459 560 1530 odisse
570 1461 682 1530 diem?
694 1462 841 1557 pandam
854 1464 964 1530 omnia
978 1487 1100 1554 regna,

159 1650 209 1698 rior
222 1650 288 1698 enim
303 1666 381 1719 pare,
396 1648 565 1702 indivisione
580 1649 653 1702 orbiu
697 1650 776 1704 beros
791 1649 888 1702 rediret
903 1672 910 1700 r
929 1667 1020 1702 verum
1039 1667 1121 1720 quum
1141 1649 1199 1700 ani·

157 1726 224 1777 facta
234 1728 303 1777 inter
314 1727 409 1778 fratrea
425 1728 533 1794 iovem,
552 1729 654 1798 Neptu·
698 1727 880 1780 madvertisret
898 1730 1013 1794 lovcm‚·
1028 1728 1199 1798 Neptunum-

158 1823 233 1870 nnm‚
244 1817 270 1856 et
281 1801 431 1872 Plutonem,
445 1805 576 1875 obtigerat
591 1805 653 1858 Plu·
699 1827 763 1878 que,
776 1827 806 1860 ac
817 1806 972 1873 Plutonem,
985 1807 1099 1861 Saturno
1109 1819 1200 1872 natos,

158 1887 225 1946 toni;
237 1897 262 1934 et
270 1900 380 1954 propter
389 1883 442 1936 hoc
452 1903 514 1936 mox
523 1905 548 1936 ee
559 1886 653 1938 victum
698 1905 748 1938 nec
766 1899 856 1940 tamen
877 1885 1011 1952 sublatos,
1030 1903 1105 1938 arma
1123 1887 1201 1938 fratri

158 1961 287 2034 queritur:
302 1959 374 2014 unde
386 1962 436 2014 sibi
451 1966 555 2036 spes‚si
565 1965 655 2014 omnia
698 1963 785 2018 intulit
810 1979 1015 2038 recuperaturus
1041 1967 1202 2036 imperium,

158 2043 346 2107 miscerentur,
377 2041 516 2096 meliorem
551 2057 655 2116 partem
698 2046 851 2113 victumque
874 2043 1016 2098 Saturnum
1037 2046 1064 2096 in
1088 2046 1202 2099 vinculis

158 2120 314 2194 quandoque
329 2117 489 2172 habiturum.
698 2122 799 2182 habuit.
821 2124 944 2194 luppiter
967 2138 1056 2176 antem
1075 2124 1202 2194 grandior

189 2201 232 2270 39.
244 2199 577 2272 Mundumqaenocentem.
587 2201 655 2254 lnfe·
700 2203 800 2266 factus,
815 2201 929 2256 collecto
946 2203 1078 2266 exercitu,
1095 2219 1201 2274 'patrem

157 2299 212 2344 ros,
224 2282 379 2331 nocentium
387 2281 591 2354 receptaculum.
699 2279 837 2346 liberavit,
855 2293 882 2331 et
899 2294 1039 2351 superator
1051 2283 1159 2336 Titanas
1174 2284 1201 2334 in

191 2361 233 2427 40.
252 2361 308 2412 Nee
326 2361 372 2412 iste
391 2377 475 2426 meru,
495 2359 608 2432 dirisque
623 2378 655 2410 en
699 2363 838 2415 Tartarum
849 2362 1203 2436 conjecit—Misenrmque

156 2441 256 2509 pervius
273 2441 354 2492 astris.
373 2437 452 2492 Aldd.
473 2439 558 2492 Calin.
579 2438 655 2492 Basil.
699 2453 809 2512 patrem.
830 2441 981 2496 Saturnum.
1000 2442 1079 2496 Hauc
1097 2445 1169 2499 enirn
1187 2465 1202 2498 a

159 2534 183 2572 et
200 2521 284 2572 Plant.
304 2519 366 2572 diris
381 2539 427 2584 en,
443 2521 540 2582 curioso
552 2519 586 2588 aqi
597 2537 657 2592 que.
701 2517 755 2570 lilio
765 2519 1040 2590 victum‚cateniaque
1051 2535 1203 2590 oneratum,

157 2629 191 2639 -
202 2599 257 2650 Nec
270 2600 315 2652 iste
324 2617 403 2652 meus.
416 2599 487 2666 Quia
496 2600 522 2650 in
532 2598 606 2650 illum
612 2600 657 2668 jus
701 2602 728 2651 in
744 2601 856 2652 Tartara
873 2602 1066 2672 praecipitatum
1079 2601 1204 2658 fabulan-

158 2677 207 2730 aibi
217 2677 352 2730 vindicant
363 2679 407 2730 alii
418 2680 469 2731 Dii.
702 2691 745 2730 tur
760 2693 853 2750 poeta.
873 2678 954 2745 Quod
971 2693 1059 2734 tamen
1072 2679 1154 2752 aliqui
1166 2683 1203 2734 sic

192 2758 235 2824 41.
244 2760 390 2832 inspicitur.
400 2759 463 2830 Reg.
472 2761 500 2825 B,
508 2759 658 2830 impicimttr
702 2761 924 2830 interpretantur,
933 2757 1006 2830 quod
1019 2777 1101 2830 quum
1112 2762 1206 2832 luppi-

157 2858 218 2892 cum
232 2839 332 2912 syllaba
344 2852 388 2891 tur
399 2840 450 2892 alia
466 2859 547 2892 mauu
563 2857 657 2910 supra·
703 2849 743 2890 ter
758 2837 808 2890 sibi
823 2839 931 2892 fecisset
944 2841 1130 2908 cognominem
1142 2840 1206 2892 stel-

157 2921 255 2992 ecripta
270 2917 386 2971 exhibet.
402 2921 447 2972 En.
702 2915 771 2982 lam,
791 2916 883 2968 fecerit
898 2929 923 2968 et
938 2918 1124 2986 cognominem
1135 2922 1206 2989 patri

192 2999 337 3066 42.Halreo
340 2999 402 3070 jam
413 3017 502 3070 quassa
516 2999 657 3071 Gipaatam
701 2995 805 3048 'stellam
826 2995 978 3051 ulteriorem
1002 2999 1028 3048 in
1049 2997 1207 3067 profundis·

158 3079 283 3132 Vincula.
299 3079 369 3130 Nota
386 3075 477 3130 fabula
493 3076 526 3129 de
541 3077 660 3148 Giganti·
703 3077 769 3133 aimo
787 3075 903 3142 rathere,
924 3087 950 3128 ct
967 3073 1036 3129 hanc
1053 3077 1207 3145 segniciae

155 3158 209 3210 bus
232 3159 306 3210 victis
328 3157 526 3230 fulminatisque
551 3177 565 3209 a
588 3158 659 3223 niis,
703 3153 933 3226 progredientem
956 3153 1153 3226 intelligentes,
1177 3170 1207 3210 ut

155 3238 340 3308 conjectisque
352 3237 380 3286 in
391 3235 511 3301 vincula,
522 3248 548 3286 et
559 3237 586 3286 in
597 3237 659 3286 Tar-
703 3236 842 3300 Lucanus,
866 3252 913 3305 per
932 3233 1070 3290 Tartarum
1091 3234 1209 3288 altitudi-

156 3330 247 3367 tarum
262 3313 384 3366 detrusis.
704 3332 765 3366 nem
779 3313 847 3365 acris
861 3313 1005 3382 ingentem.
1039 3349 1043 3356 ·

193 3394 238 3461 43.
258 3395 294 3446 Et
304 3393 442 3444 oetlreream
454 3393 567 3465 cupidos.
580 3395 660 3464 llegg.
742 3391 786 3460 45.
798 3391 1015 3463 &implacidam
1025 3392 1146 3464 probibet
1155 3412 1212 3466 per-

154 3477 179 3526 B
191 3489 218 3528 et
229 3475 264 3539 C,
277 3485 303 3526 et
313 3473 447 3525 ratherium
460 3472 566 3526 babent.
579 3473 625 3524 Eu.
702 3472 777 3542 ferre
789 3474 909 3544 quietem.
925 3475 976 3526 «lu
990 3471 1126 3528 nonnullis
1138 3473 1212 3528 libris

194 3552 240 3619 44.
249 3553 365 3615 Titanas,
375 3552 546 3623 miremmqae
551 3559 662 3622 patrem:
709 3551 871 3624 implacatum
883 3551 989 3622 legitur,
1003 3551 1076 3623 quod
1088 3553 1158 3606 forte
1167 3573 1212 3606 re-

156 3631 223 3704 quid
237 3650 279 3681 me
298 3633 350 3682 otia
370 3640 465 3682 moesta.
490 3630 541 3680 «ln
562 3630 663 3698 optimo
710 3633 793 3684 riua-
809 3630 951 3682 Nonnullae
964 3629 1063 3682 barthii
1077 3633 1212 3686 membra-

156 3710 229 3764 libro
238 3709 333 3762 melius
341 3708 448 3778 legitur:
459 3709 513 3760 otia
520 3717 661 3760 mestum·
709 3729 749 3762 noe
764 3723 790 3761 et
804 3708 896 3760 Ecbot.
915 3727 942 3774 ι,
955 3709 1079 3780 perferre.

155 3794 259 3844 Baarn.
278 3820 314 3829 -
338 3789 453 3842 Titanas.
469 3789 578 3840 Titanes
592 3799 667 3840 erant
746 3787 788 3854 46.
804 3787 925 3839 Pandam
934 3787 1024 3840 omm‘a
1033 3805 1120 3858 regna.
1132 3811 1143 3834 a
1154 3791 1216 3842 Non

155 3871 206 3924 lilii
213 3866 668 3941 Titania‚quiCaelietVeetaelilius,
712 3881 752 3922 eet
761 3867 947 3931 librariorum,
962 3865 1007 3919 sed
1019 3870 1128 3920 omnino
1139 3870 1218 3941 Papi·

156 3954 246 4004 frater
255 3951 379 4004 Saturni:
393 3949 436 4000 hic
444 3949 536 4013 Titan,
548 3947 668 4017 quamvis
713 3949 750 4000 nii
763 3948 847 4018 ipsius
860 3949 983 4018 scriptio,
998 3965 1057 4018 quae
1069 3953 1190 4002 servatur
1203 3969 1219 4002 a

156 4036 251 4104 major
269 4045 335 4084 natu
355 4027 441 4098 earet,
462 4031 539 4082 cessit
559 4045 669 4100 regnum
714 4026 813 4078 nostris
829 4028 936 4097 optimis
951 4025 1110 4080 membranis
1126 4051 1131 4080 :
1148 4049 1220 4100 paa-

155 4115 295 4176 Saturno‚
309 4129 340 4164 ea
351 4111 424 4183 lege,
435 4122 465 4162 ut
476 4107 577 4161 nullam
589 4107 671 4160 sobo«
715 4107 775 4158 dam
786 4107 880 4158 intima
891 4125 978 4179 mgna.
988 4130 999 4152 υ
1013 4107 1108 4162 Boura.
1123 4111 1221 4177 «Qum.

156 4194 217 4245 lem
245 4191 392 4246 masculam
414 4189 535 4256 tolleret,
558 4203 588 4240 ut
610 4200 672 4259 port
716 4205 777 4240 uam
795 4185 851 4240 bac
870 4185 959 4240 omnia
978 4189 1075 4258 regna?
1096 4207 1127 4240 ex
1142 4205 1222 4240 aenou

157 4287 278 4326 mortem
291 4274 350 4342 ejus
362 4271 503 4341 imperium
517 4267 550 4322 ad
562 4285 625 4321 suos
637 4267 671 4319 li-
720 4265 890 4318 maniiestum
900 4278 939 4318 eet
949 4264 1062 4318 Plutona
1071 4265 1104 4318 de
1112 4269 1224 4320 Tartaro

1048 4380 1076 4444 7.
