3196 5158
520 615 662 680 traua
686 615 768 679 vu.
1123 617 1165 704 ³9

170 737 200 804 Si
212 695 316 807 modo
328 739 473 832 placavit
483 738 563 808 felix
574 741 690 830 AEgiua
700 742 900 807 Tonantem.

221 877 235 906 ι
249 853 350 917 Ducit
361 848 528 918 lthouoeos
540 865 573 917 ot
584 847 826 916 Alalcomenaea
837 851 998 918 Minervae
1118 842 1170 898 ³3⁰

172 960 554 1055 Agmina,quoslt1ide‚
567 982 652 1054 quoa
665 958 804 1028 humida
815 963 963 1052 suggerit
975 967 1079 1042 Arne,

174 1068 292 1138 Aulida
305 1075 364 1165 qui
375 1074 575 1165 Graeamque
587 1085 717 1149 serunt,
730 1067 919 1165 viridesque
932 1070 1086 1152 Plataeas,

175 1181 216 1244 Et
226 1179 322 1248 sulco
333 1187 475 1250 Peteona
487 1182 645 1262 domant,
658 1179 870 1274 refluumque
882 1197 994 1248 meatu

133 1378 187 1432 buit
207 1381 328 1455 Asopum
349 1403 431 1457 quum
452 1383 552 1437 bellum
570 1385 629 1436 Jori
673 1384 830 1454 Trojauant,
842 1382 910 1436 duce
920 1385 1125 1455 Agamemnone.
1138 1416 1173 1426 -

132 1459 232 1512 indixit.
246 1493 277 1504 -·
296 1463 417 1518 Cadmeo.
432 1465 500 1532 Quia
519 1481 629 1535 campus
674 1463 763 1530 Aulis,
777 1463 863 1535 inquit
873 1465 1037 1528 mosamius,
1051 1463 1119 1516 dicta
1134 1478 1174 1517 eet

131 1541 191 1605 iate,
206 1542 233 1592 iu
247 1561 302 1613 qno
317 1546 484 1596 commissum
496 1543 631 1615 prelium,
674 1561 706 1596 ex
716 1561 765 1609 eo,
780 1544 841 1615 quia
852 1561 942 1596 omnes
951 1541 1005 1594 illic
1018 1543 1124 1596 (luecio
1136 1561 1175 1594 re·

134 1619 286 1689 subjacebat
308 1621 429 1674 Cadmeas
450 1623 505 1673 orci
524 1621 631 1674 Theba·
675 1619 909 1693 gesineaeoidium
917 1623 1002 1693 'l'rojte
1011 1625 1176 1693 conjuraturi

133 1714 198 1750 rum.
206 1700 334 1752 Ceterum
344 1701 461 1773 Guyetua
468 1699 537 1752 bauo
547 1712 631 1752 totam
676 1712 873 1752 couvenerants
893 1697 963 1752 uude
980 1701 1053 1769 virg.
1072 1701 1175 1754 AEneid.

132 1779 226 1832 fabule
235 1781 318 1852 Asopi
330 1783 506 1834 narrationem
515 1782 632 1851 ineptam
675 1781 721 1846 IV,
732 1777 783 1847 425
795 1791 822 1832 et
833 1797 888 1850 seq.
904 1781 985 1832 nilon
996 1799 1045 1852 ego
1058 1797 1118 1833 cum
1128 1784 1177 1834 Du·

133 1870 157 1909 et
169 1861 372 1927 inconcinnam,
387 1861 523 1932 statioque
538 1877 633 1930 parum
677 1859 734 1912 nais
746 1860 888 1931 Trojauam
905 1857 1058 1912 exscindere
1073 1873 1176 1928 gentem

133 1937 255 2010 dignam
266 1940 378 2010 judicat.
679 1937 773 1990 Aulide
780 1941 877 2009 jurari.
888 1961 945 1987 ι-
952 1937 1065 1992 Pluteos.
1073 1941 1177 1992 Boeotiae

166 2018 229 2070 330.
248 2019 329 2072 Ducit
342 2018 473 2071 Itbcnoeos
489 2029 514 2069 et
526 2015 634 2072 Alalco-
678 2018 756 2084 urbs,
768 2031 901 2091 utsupra,
912 2017 1040 2071 Thebaid.
1056 2019 1098 2084 Ν,
1109 2019 1176 2089 373:

132 2115 232 2150 πωπω
252 2099 387 2150 Minerva.
406 2097 486 2150 Ducit
504 2095 634 2148 Itltouoeos
681 2098 1129 2171 «nuntiatvigileaaraieael‘lateas.
1142 2124 1153 2146 ι

133 2186 211 2248 atque
221 2176 385 2229 Alcbomerre
396 2175 457 2227 edd.
470 2188 533 2228 vett.
548 2186 574 2226 et
586 2172 634 2225 At·
713 2177 774 2230 333.
792 2179 907 2230 Peteona
923 2179 1044 2246 demunt,
1055 2178 1179 2254 refluum-

133 2273 240 2308 comeua
252 2255 344 2308 Bebot.
361 2273 383 2322 ι,
397 2267 424 2308 et
436 2255 579 2309 Alcemeua
591 2257 635 2308 aa
678 2275 728 2328 que
735 2269 823 2310 meatu
833 2257 972 2329 Euripum.
984 2259 1042 2309 Put.
1056 2259 1181 2336 refluunt·

133 2334 186 2387 lrot.
205 2353 237 2403 π,
253 2351 280 2389 et
295 2355 346 2408 pro
362 2351 387 2389 v.
404 2335 422 2388 l.
436 2347 462 2387 ct
475 2334 634 2394 Atoemem
679 2337 913 2409 quemeatru-D,
921 2335 1062 2408 Gregorius
1072 2339 1181 2390 Nazian-

133 2417 189 2468 Pnt.
201 2427 282 2490 utque
293 2414 462 2478 Alcumeuiuf
475 2416 542 2468 Dan.
557 2424 637 2486 utque
679 2434 757 2470 aeuus
774 2415 881 2470 tradidit
897 2417 1080 2484 Aristotelem,
1098 2435 1179 2490 quum

134 2493 317 2559 Eulaomenia3
325 2498 423 2550 caeteris
433 2494 634 2548 Alalcomeuoee.
680 2515 734 2549 non
745 2510 835 2569 posset
844 2509 965 2550 naturam
975 2497 1067 2570 Euripi
1079 2499 1181 2550 investi·

133 2605 168 2616 -
178 2579 242 2648 lleg.
256 2577 291 2642 B,
303 2578 336 2629 D.
351 2577 473 2630 hireneus
483 2587 510 2628 et
519 2574 637 2627 Alcume·
679 2595 756 2650 gare,
768 2577 968 2630 tedioauimom
979 2577 1090 2630 efflasse.
1099 2581 1180 2630 immo

134 2658 178 2709 uia
195 2655 320 2720 exbibet3
339 2657 404 2727 lies.
425 2657 461 2721 C,
479 2656 512 2707 D.
532 2655 652 2720 Ituraeos¹
679 2657 776 2712 Juatini
793 2659 914 2730 martyria
928 2659 1097 2724 testimonio,
1111 2675 1139 2710 se
1154 2660 1180 2709 in

132 2748 211 2808 atque
231 2735 417 2790 Alciomeueu.
439 2735 486 2788 Eu.
505 2763 541 2774 -
559 2734 635 2788 Itbo·
679 2736 846 2808 profundum
858 2736 927 2788 lilius
940 2737 1124 2807 precipitem,
1138 2735 1183 2786 do·

134 2833 209 2868 aeos.
228 2815 334 2868 incolas
346 2816 454 2868 ltlrones
470 2812 543 2866 urbis
559 2813 635 2866 lloeo-
679 2833 779 2868 mersus
789 2828 837 2867 est.
848 2817 882 2867 Αι
891 2813 956 2868 nihil
965 2813 1094 2866 dehacre
1104 2815 1181 2865 Amo·

134 2897 184 2958 tia,
196 2895 322 2946 Minerva
337 2913 425 2946 sacra.
436 2921 471 2934 -··
483 2891 636 2960 Alalcome-
678 2896 738 2947 nius
750 2893 793 2946 vel
811 2895 936 2945 Laertius.
951 2893 1078 2944 Caeterum
1092 2904 1122 2943 tu
1137 2896 1190 2964 qui¹

134 2991 190 3024 aoea
200 2973 317 3048 cymino.
333 2973 363 3025 ld
375 2987 428 3040 eat,
440 2991 472 3024 ea
485 2969 635 3022 Alalcome-
680 2973 708 3024 in
717 2971 798 3024 literis
809 2983 884 3042 tyro,
897 2971 980 3040 scito,
992 2969 1121 3041 Euripum
1133 2973 1182 3022 Va·

132 3055 188 3118 nis,
195 3051 296 3125 oppido
302 3054 406 3106 Boeotite
414 3053 550 3120 ,Minervae
557 3052 635 3103 etiarn
679 3063 748 3103 teree
758 3051 853 3120 sapius
863 3065 912 3120 pro
924 3049 996 3100 fosta
1005 3067 1119 3118 ponere,
1129 3067 1180 3122 qua

132 3149 219 3183 sacro.
679 3126 736 3182 ludi
749 3125 983 3180 circumdabantur
994 3139 1131 3198 septorum
1141 3128 1181 3181 lo·

167 3209 230 3262 331.
248 3209 378 3283 Aquino,
392 3227 456 3282 quos
470 3209 557 3274 true,
574 3225 636 3278 quos
680 3225 729 3271 eo;
746 3207 859 3260 exaudio
875 3208 912 3258 ita
925 3205 1116 3262 Tertullianum
1134 3207 1182 3260 ad·

133 3291 206 3342 lum.
226 3289 341 3363 sapuerit
353 3286 432 3340 Ante.
448 3288 521 3339 Mide
536 3297 561 3338 et
572 3301 636 3358 quos
680 3303 769 3338 versus
789 3286 1000 3358 Hermogenem:
1023 3285 1113 3338 :Ecce
1131 3305 1180 3338 uu-

132 3367 227 3420 Bebot.
247 3384 271 3432 r,
284 3367 362 3420 Nude
378 3377 404 3418 et
417 3383 481 3439 quos
495 3363 586 3418 Bebot.
603 3381 636 3430 a,
681 3377 733 3416 tem
741 3367 763 3416 si
770 3364 970 3430 dicam,ciritas
978 3363 1182 3417 exstmxittlrea·

132 3447 223 3500 Hidee
241 3465 306 3521 quot
322 3447 391 3498 Dan.
407 3447 494 3498 Petav.
514 3443 636 3496 nonnulli
679 3455 750 3494 trum
762 3455 788 3494 et
802 3444 918 3506 circum,
932 3459 1011 3494 soene
1025 3455 1113 3495 autem
1127 3459 1182 3495 eret

133 3542 157 3579 et
179 3527 241 3580 edd.
264 3538 326 3580 vett.
346 3526 461 3600 supperit
477 3525 548 3576 Erue
566 3540 636 3576 unua
681 3521 740 3575 talia
752 3535 778 3574 et
789 3521 847 3575 talis
858 3561 866 3588 ‚
879 3535 906 3574 et
917 3534 1008 3574 statue
1021 3537 1101 3593 super
1112 3523 1180 3575 euri-

132 3605 226 3659 Eebot.
241 3633 277 3646 -·
296 3605 359 3675 Ποῦ.
374 3604 410 3671 Β,
423 3602 522 3655 Medon
540 3599 634 3664 babet;
680 3619 745 3670 pum
759 3612 785 3651 et
801 3597 932 3651 obeliscus
948 3617 1028 3670 super
1041 3601 1130 3653 omnia
1142 3601 1181 3653 fo·

133 3684 197 3756 lleg.
210 3685 248 3750 G,
260 3684 347 3736 Nude.
358 3681 538 3734 uu-Mtdu
550 3681 637 3752 Oppi·-
682 3677 797 3732 rebatur.
808 3701 820 3726 s
833 3682 916 3731 lmmo
925 3697 975 3750 pro
985 3677 1071 3731 canali
1081 3697 1128 3732 seu
1137 3680 1183 3732 du-

132 3765 196 3817 dum
209 3765 323 3816 lioeotiau
334 3789 371 3803 -··
383 3763 464 3814 Ante.
477 3761 545 3814 Urbs
560 3762 636 3812 Bruu-
680 3771 726 3812 ctu
735 3777 864 3830 aquarum
877 3757 1033 3811 salientium.
1045 3759 1143 3812 Plinius
1154 3761 1181 3810 in

134 3848 188 3911 tias,
199 3857 293 3916 postea
304 3843 444 3896 Cberoucu
453 3840 537 3906 dicte,
550 3842 637 3912 putria
680 3839 763 3909 Epist.
776 3839 807 3890 3:
823 3837 916 3905 «Quid
928 3837 1042 3909 Euripus
1053 3839 1143 3892 viridis
1156 3853 1182 3890 et

133 3923 274 3976 Plutarchi.
681 3915 900 3990 gemmeum-Ad
909 3915 1079 3969 huuclocum
1088 3930 1181 3971 notata

171 4002 231 4055 3³2.
250 4000 350 4054 Aulida
372 4001 419 4074 qui
442 4003 595 4072 Groeumque
616 4019 635 4052 s.
680 3995 767 4066 legere
788 4013 874 4067 opere
894 3997 1009 4067 pretium
1032 4007 1088 4064 est,
1111 4009 1180 4048 nost.

134 4103 159 4135 u.
174 4081 289 4134 Pluteos.
304 4083 438 4151 Creunque
449 4081 506 4130 Put.
519 4079 637 4131 Graium·
682 4075 743 4128 adit.
753 4088 816 4128 torn.
825 4073 1179 4144 l‚pag.6.En.-Peteona.

135 4181 185 4232 que
194 4161 289 4212 Eebot.
298 4157 478 4212 a.—Aulidu.
488 4157 563 4210 Aulis
574 4157 637 4208 urba
682 4157 780 4208 Peteon
793 4152 856 4206 urbe
871 4151 984 4203 Boeotice.
999 4179 1035 4191 -
1048 4151 1181 4226 llssuum-

136 4255 160 4292 et
181 4252 275 4312 portus
296 4240 416 4304 boentiae,
433 4255 465 4288 ex
483 4254 537 4308 quo
554 4237 638 4290 Graeci
682 4253 733 4308 que
743 4245 831 4288 meatu
846 4231 986 4302 Euripum.
999 4232 1112 4300 Euripus
1126 4247 1181 4280 mu-

137 4319 270 4372 solrerunt
285 4330 377 4370 euntes
395 4315 428 4369 ad
446 4315 637 4387 expeditionem
684 4316 718 4368 ris
731 4333 791 4386 pars
807 4317 872 4366 inter
888 4309 1014 4362 Euboeam
1029 4307 1139 4362 insulam
1155 4321 1183 4360 et
