3256 5160
553 574 696 638 LIBER
720 571 812 638 xli:

202 700 375 770 Montibus
389 701 514 769 orbatis
526 699 681 768 lucorum
696 699 816 794 glorie,
830 723 961 794 magnae

202 811 386 881 Theumesi
398 835 521 879 venere
534 809 662 894 trabes,
675 828 709 878 et
720 813 828 879 amica
839 811 1008 880 Cithaeron

203 920 292 991 Silva
303 923 409 1014 rogis:
423 921 544 989 ardent
553 923 673 988 exrisae
685 923 815 990 viscera
830 923 940 1013 gentis

204 1030 351 1100 Molibus
364 1034 555 1099 exstructis:
571 1055 733 1124 supremo
745 1055 886 1100 munere
898 1031 1046 1126 gaudent

205 1145 324 1236 Ogygii
336 1165 470 1210 manes:
486 1145 639 1237 queritur
653 1140 846 1210 miserabile
860 1144 1000 1210 Graium
1175 1154 1209 1210 55

206 1251 304 1319 Nuda
316 1250 455 1334 cohors,
472 1253 679 1346 vetitumque
691 1275 830 1344 gemens
842 1253 1064 1322 circumvolat
1074 1257 1199 1346 iguem.

208 1366 335 1457 Accipit
346 1380 381 1430 et
392 1367 471 1432 saevi
485 1388 602 1432 manes
614 1363 760 1431 Eteoclis
775 1366 908 1459 iniquos

210 1476 481 1572 Haudquaquam
494 1475 614 1570 regulis
626 1475 749 1560 honos;
765 1480 906 1570 Argivus
919 1476 1039 1547 heberi

210 1593 325 1655 Frater
333 1585 450 1680 jussus
462 1587 591 1671 adhuc,
604 1604 705 1682 atque
718 1587 835 1656 exsule
847 1587 987 1682 pellitur
998 1591 1130 1660 umbra.

258 1703 301 1766 At
311 1722 381 1765 non
395 1698 526 1792 plebeio
537 1699 669 1766 fumare
683 1701 855 1768 Menoecea
867 1699 968 1767 busto
1178 1711 1213 1763 6ο

211 1814 283 1876 Rex
295 1811 425 1900 genitor
436 1808 630 1904 Thebaeque
642 1812 775 1877 sinunt:
789 1833 852 1879 nec
865 1810 988 1878 robora
999 1811 1100 1880 vilem

213 1921 413 1987 Struxeruut
424 1917 466 1986 de
478 1943 572 1986 more
584 1941 722 2010 rogum:
737 1919 798 1988 sed
809 1919 952 1990 bellicus
963 1943 1066 2013 agger

214 2029 392 2113 Curribus,
405 2047 439 2098 et
450 2029 578 2123 clipeis,
592 2032 840 2126 Graiorumque
852 2031 1012 2100 omnibus
1024 2035 1126 2102 armis

215 2143 395 2210 Sternitur:
409 2141 548 2210 hostiles
560 2165 663 2237 super
674 2145 763 2236 ipse,
776 2159 817 2211 ut
827 2146 951 2228 victor,
964 2167 1121 2227 acervos,

216 2251 364 2319 Pacifera
375 2252 472 2320 lauro
483 2255 613 2322 crinem
625 2255 783 2349 vittisque
796 2253 957 2337 decorus,
1186 2261 1220 2317 65

216 2362 384 2431 Accubat:
398 2363 490 2432 haud
502 2363 614 2446 aliter,
630 2388 734 2460 quem
749 2389 857 2460 quum
869 2364 1090 2458 poscentibus
1101 2366 1200 2433 astris

217 2476 331 2541 Laetus
343 2477 376 2541 iu
389 2499 531 2543 accensa
538 2476 644 2569 jacuit
653 2476 854 2570 Tirynthius
865 2481 964 2546 outa.

219 2585 389 2675 Spirantes
402 2609 504 2678 super
514 2585 651 2653 inferias
665 2589 798 2680 captiva
811 2586 989 2680 Pelasgum

211 2776 253 2830 52.
274 2777 419 2832 Τὶιωηιρςὶ,
438 2779 479 2834 ΑΙ,
498 2779 691 2848 neumam,
722 2771 787 2825 lium
801 2773 894 2826 moles.
909 2775 1014 2828 Exuriis
1026 2777 1096 2828 enim
1108 2775 1225 2828 hostium

174 2852 334 2907 Theumeso.
722 2851 893 2905 extruebetur
903 2852 1009 2924 regibus
1022 2855 1133 2906 mortuis
1144 2871 1224 2926 pyro:

211 2930 254 2984 53.
274 2933 301 2985 S.
314 2950 335 2984 r.
347 2953 372 2984 a.
384 2935 473 2986 excisoe
483 2935 577 2988 uiscera
584 2936 677 3010 quatis.
724 2920 802 3001 qhern
817 2933 896 2982 ritum
911 2930 1052 3001 sepulturae
1063 2930 1144 2982 hodie
1159 2950 1228 3002 quo·

174 3010 297 3064 Burthius
307 3015 376 3084 conj.
385 3016 475 3068 aror'soe
484 3002 577 3069 visrera
585 3020 678 3090 qentis.
723 3028 775 3081 que
781 3009 887 3062 barbari
895 3028 999 3062 servare
1004 3010 1140 3075 dicuntur,
1148 3030 1227 3084 quent

212 3090 256 3159 54.
276 3095 316 3144 Μ.
329 3112 350 3145 e.
363 3111 481 3165 supremo
495 3115 601 3148 monere
610 3115 679 3170 you·
723 3092 831 3159 rtrabar,
841 3089 1031 3162 dicuntlingue
1041 3111 1098 3145 sua.
1109 3093 1226 3146 Gronov.

175 3171 247 3223 dent.
258 3173 320 3224 Ere.
335 3172 412 3224 Fabri
424 3187 449 3225 et
460 3175 548 3227 Petuv.
561 3193 680 3248 supremo
760 3171 803 3225 65.
823 3173 946 3245 Pacifera
956 3172 1040 3227 lauru.
1052 3173 1122 3241 Quia
1132 3193 1160 3226 se
1170 3187 1230 3227 ton·

169 3249 562 3324 fisneta—Supremumunere.
573 3255 680 3306 Honore
725 3271 806 3324 quom
819 3253 953 3304 victimam
967 3253 1123 3322 devoyerat,
1137 3267 1168 3308 ut
1180 3275 1230 3328 pe-

177 3330 328 3402 sepultnrae.
725 3349 781 3382 cem
794 3329 927 3384 Thebanis
938 3345 1105 3403 procuraret,
1115 3332 1230 3406 ideoque

216 3408 259 3462 55.
278 3411 381 3486 quqii.
389 3410 563 3463 Thebanh-
574 3413 681 3466 Misera·
724 3408 835 3483 pacifica
851 3410 925 3465 lauro
939 3411 1089 3464 redimitum
1102 3412 1176 3466 dixit.

178 3487 237 3542 bile.
254 3491 305 3540 Pro
321 3489 510 3542 miserabiliter.
526 3493 654 3544 Lnornnr.
761 3490 805 3558 67.
825 3490 908 3544 loetttr
922 3493 950 3542 in
964 3509 1070 3545 occentu
1077 3493 1167 3564 jacuit
1183 3491 1232 3544 Ti·

215 3569 258 3622 56.
281 3570 448 3644 Vetitnmque
461 3577 567 3644 qemens'
585 3573 680 3646 iqnern.
728 3569 1229 3642 ryntbiusOEta.Videlib.sup.v.235.
1320 3618 1325 3628 ,

179 3650 251 3717 Quia
271 3650 356 3702 Creon
379 3649 472 3702 edictis
492 3664 629 3719 vetuerat,
650 3671 684 3705 ne
764 3648 798 3702 68
827 3649 1234 3724 Spiranterruperr'nferiarcop-

180 3730 270 3800 Argivi
285 3731 381 3782 mortui
395 3729 577 3801 sepelirentur.
729 3729 782 3780 tivo
790 3727 946 3802 Pelorqum,
956 3741 1006 3780 etr.
1017 3727 1118 3780 Attudn
1126 3728 1160 3781 ed
1170 3746 1235 3781 cou-

217 3811 261 3876 57.
280 3809 390 3880 Accipit.
402 3809 549 3876 subaudis,
562 3811 636 3883 ι’φιίς.
729 3804 1037 3875 suetudinemVeterum‚
1048 3809 1234 3861 arbitrantium

218 3885 262 3939 58.
271 3887 485 3960 Haudquaquam
495 3887 684 3962 reqalishonor,
730 3897 896 3936 mortuorum
910 3885 1018 3938 umbras
1036 3885 1155 3939 humano
1171 3905 1235 3939 sou·
1253 3881 1255 3890 ’

181 3965 294 4038 Argivus
303 3965 399 4019 haberi.
410 3971 472 4039 Reg.
482 3971 511 4032 Β,
519 3968 686 4044 Arqiousha-
729 3965 809 4035 [ruine
825 3967 978 4036 propitiari,
994 3978 1020 4020 et
1035 3964 1098 4018 ideo
1117 3969 1235 4038 captivos

181 4045 256 4104 tem
268 4043 381 4114 probet,
390 4049 453 4119 fleg.
465 4047 487 4099 C
497 4061 613 4100 nostram
625 4047 685 4100 lect.
731 4043 763 4095 ad
778 4063 872 4115 rogum
886 4047 1016 4098 victorum
1026 4045 1152 4118 jugulare
1167 4047 1236 4099 role-

183 4122 394 4194 En.—Arqivur.
404 4125 473 4192 Quia
481 4125 687 4198 comprehensus
731 4123 804 4176 bant.
817 4126 949 4177 Homerus
961 4123 1036 4177 iliad.
1049 4134 1082 4176 Ψ.
1094 4123 1197 4177 Adina
1205 4125 1236 4178 &l

184 4199 279 4256 eodem
291 4201 394 4271 edicto,
406 4223 459 4276 quo
471 4208 569 4276 Argivi.
730 4201 813 4273 'spelm
819 4202 965 4270 μεγαθύμων
974 4201 1041 4262 oilae
1050 4205 1143 4261 tetrade
1150 4207 1237 4257 Χωῦ

221 4279 266 4349 64.
289 4277 412 4336 Αοενυοε]
429 4281 586 4338 Esurier'um
603 4283 689 4338 hosti·
731 4279 824 4336 attor.
838 4283 1006 4337 «Duodecim
1015 4286 1098 4338 fortes
1106 4284 1176 4337 lilios
1185 4303 1238 4337 ma-
