3272 5166
392 565 458 636 306
630 567 666 630 r.
693 567 729 630 r.
753 565 907 632 sraru
931 534 1231 634 rnaaurnos'

438 701 589 791 Saxaque
601 697 637 762 in
649 691 809 762 adversus
820 694 903 786 ipsis
915 692 1032 762 avulsa
1044 693 1201 763 rotabant

438 807 628 878 Moeuibus:
642 803 815 874 exundant
830 829 919 874 saevo
932 805 1064 898 fastigia
1075 805 1207 889 nimbo,

438 925 653 1014 Armatoeque
665 933 808 985 vomunt
820 915 996 985 stridentia
1007 916 1071 984 tela
1085 918 1252 985 fenestrae.

438 1029 590 1116 Qualiter
601 1043 661 1096 aut
674 1026 827 1110 Malean,
840 1043 900 1095 aut
911 1026 978 1096 alta
990 1029 1155 1095 Ceraunia
1167 1051 1271 1122 supra

436 1145 612 1209 Cessantea
625 1141 660 1206 in
672 1137 763 1206 nube
776 1137 911 1220 sedent,
927 1141 1099 1234 nigrisque
1112 1137 1272 1230 leguntur

436 1247 603 1330 Collibus,
616 1263 650 1316 et
661 1235 781 1316 subitae
793 1247 920 1316 saliunt
931 1251 966 1314 in
979 1247 1053 1316 vela
1065 1248 1239 1341 procellae:

405 1391 408 1399 ·
437 1360 529 1427 Talis
541 1362 723 1453 Agenoreis
735 1362 898 1454 Argivum
910 1364 1075 1429 exercitus
1087 1363 1190 1430 armis
1393 1373 1446 1443 ⁵40

438 1453 623 1539 Obruitur:
639 1494 709 1538 non
721 1494 782 1538 ora
793 1473 922 1552 virum,
935 1495 1003 1539 non
1017 1488 1153 1564 pectora
1164 1468 1270 1539 flectit

439 1580 553 1649 Imber
563 1597 677 1660 atrox,
692 1597 870 1676 rectosque
881 1597 999 1651 teuent
1009 1585 1044 1650 iu
1057 1585 1180 1653 moenia
1190 1581 1304 1651 vultus

393 1804 439 1876 qui
452 1801 558 1856 illorum
575 1803 733 1857 auctoritate
747 1805 854 1870 nititur,
869 1804 899 1856 li·
940 1803 1010 1860 6682
1027 1802 1145 1858 «Balieta
1159 1818 1240 1878 queat
1252 1801 1385 1875 jaculari,
1401 1821 1446 1856 nr-

390 1883 442 1936 bro
457 1883 490 1936 de
503 1881 595 1948 militia
609 1884 745 1949 Romana,
756 1882 808 1936 bae
822 1882 855 1937 de
868 1902 897 1936 re
941 1904 1043 1959 cneque
1057 1886 1165 1956 sagittae
1179 1886 1271 1954 Quae,
1289 1883 1446 1954 ubicunque
1466 1952 1469 1958 Ι

392 1961 509 2015 dubitari
526 1973 633 2034 potent,
653 1971 736 2032 quum
754 1981 804 2015 nec
821 1963 896 2035 pgrio
942 1962 1447 2036 patentquarnellqalveleuettrur‚0b-

391 2041 500 2116 pulvere
520 2041 596 2114 glana
614 2041 734 2112 aclopeto
751 2044 847 2096 emissa
865 2041 898 2094 li·
942 2045 1007 2114 eetei
1020 2054 1157 2114 nequeunt
1174 2043 1253 2095 totiee
1272 2043 1382 2115 impune
1401 2059 1446 2094 ea·

393 2135 513 2195 quaeunt.
531 2119 675 2174 Incalnieae
692 2120 831 2194 plumbum
846 2123 897 2175 Ila·
942 2139 1033 2173 rere·
1055 2123 1152 2173 Birra.

390 2201 488 2255 leariea
499 2199 584 2254 lunda
593 2203 696 2272 jactum
708 2201 834 2254 credibile
843 2215 897 2271 eet,
943 2247 944 2252 ,
978 2200 1039 2271 ⁵37.
1058 2198 1177 2253 Malean.
1192 2199 1260 2254 Vide
1273 2198 1403 2254 Thebaid.
1419 2200 1446 2267 I,

391 2280 559 2336 illudentem
571 2283 741 2334 attritueeria
753 2280 823 2336 velut
835 2283 897 2355 igue
945 2295 1051 2334 100.-
1062 2279 1126 2331 Atta
1144 2280 1283 2332 Ceraunia.
1298 2280 1446 2346 Ceraunia,

393 2359 550 2426 distillasse,
561 2378 616 2412 nan
629 2359 708 2412 Iaoile
720 2361 846 2414 ereditur.
941 2377 991 2412 oen
1009 2359 1154 2425 Ceraunii,
1172 2359 1306 2431 fidemque
1326 2363 1447 2412 Acrone·

429 2437 898 2494 535.Moenibur.Proevertiouernoe·
942 2440 1447 2508 reuniaveldcroceraunii‚montesio

392 2520 468 2572 nium
486 2521 554 2591 iptia¹
569 2519 701 2572 moenibuu
717 2512 895 2592 pugnabatur.
941 2518 1039 2573 finibus
1046 2521 1119 2592 Epiri
1126 2523 1153 2573 in
1162 2539 1234 2572 mare
1242 2510 1328 2593 itaque
1337 2539 1448 2593 mucun-

393 2600 471 2652 Lacr.
490 2627 526 2639 -
543 2600 689 2654 Eaundant
707 2619 772 2654 toeuo
786 2601 897 2674 fastigia
942 2615 1046 2669 rentes,
1055 2599 1102 2653 ubi
1111 2603 1214 2653 Ionium
1225 2603 1299 2655 Mare
1309 2600 1343 2653 ab
1353 2601 1447 2653 Adria-

393 2680 492 2733 niutbo.
508 2678 616 2731 Seatent
633 2678 804 2734 multitudine
818 2683 898 2752 jacu-
942 2681 996 2732 tieo
1014 2679 1159 2731 dirimitur:
1174 2679 1301 2731 dicuntur
1318 2681 1447 2734 Ceraunia

392 2755 489 2810 lorum.
944 2758 1448 2833 afulminIbuequibuasepissimeper·

356 2899 359 2906 .
430 2837 492 2892 536.
511 2836 562 2910 Aq.
577 2855 601 2888 u.
615 2834 749 2888 stridentia
762 2833 898 2908 telusene·
943 2835 1283 2908 eutiuntur321puvrieenim
1291 2837 1447 2909 Graecisful·

393 2927 458 2972 ttroe.
471 2916 540 2968 Dan.
552 2917 608 2966 Put.
620 2913 704 2984 Leng.
714 2913 813 2967 Bnelid.
825 2915 897 2986 [ipa.
942 2935 1003 2970 men
1020 2931 1068 2969 eat.
1081 2919 1159 2970 Circa
1173 2917 1224 2969 hoe
1238 2931 1327 2970 autem
1343 2929 1448 2970 montet

393 3009 419 3049 et
433 2994 525 3048 Bebot.
541 3010 573 3060 a,
591 3013 641 3067 pro
659 3013 685 3046 v.
702 2993 718 3046 l.
738 2993 790 3046 tela
801 2993 899 3067 pltare·
942 2997 1163 3069 frequentissimae
1177 2997 1244 3049 liunt
1260 3009 1449 3069 tempestates,

393 3085 454 3135 no,-
472 3085 498 3126 et
513 3075 550 3126 tia
568 3071 630 3126 edd.
645 3077 749 3128 Venett.
770 3073 804 3139 3,
820 3070 847 3139 4.
862 3101 898 3114 -
943 3076 1136 3148 undeinfmnes
1146 3077 1249 3147 scopuli
1258 3076 1386 3130 dicuntur
1396 3079 1448 3128 IIo-

392 3154 527 3206 Fenestroe.
541 3152 706 3224 Comparate
720 3166 794 3204 erant
808 3151 847 3204 bar
859 3154 896 3204 le-
942 3171 991 3208 rat.
1002 3156 1053 3209 od.
1068 3156 1085 3210 l.
1097 3157 1123 3222 I,
1137 3156 1166 3223 3,
1181 3175 1228 3208 an:
1245 3157 1379 3209 nlniamea
1392 3175 1448 3210 seo·

392 3247 487 3288 uentre
496 3231 531 3285 ad
539 3231 685 3286 emittenda
692 3232 790 3302 jacula.
799 3235 851 3285 Hae
861 3235 898 3286 fe·
941 3234 1020 3306 pulos
1034 3237 1259 3288 Acroceraunia-
1274 3234 1385 3288 -Vide
1400 3254 1448 3288 au·

392 3328 496 3368 neutras
508 3325 585 3365 vocat
598 3315 686 3372 Livius
698 3313 837 3383 foramina
849 3313 895 3368 lib.
941 3333 991 3386 pra
1002 3329 1066 3366 tom.
1078 3315 1115 3380 11,
1124 3333 1151 3385 p.
1166 3314 1215 3366 128
1225 3313 1338 3385 hujusce
1346 3313 1387 3365 ed.
1399 3313 1446 3365 Eu.

392 3395 543 3459 XXXVIII,
556 3406 645 3466 partes
660 3393 761 3445 scitica
776 3395 897 3447 murife-
978 3393 1039 3447 ⁵38.
1061 3394 1189 3446 cessantes
1205 3394 1234 3446 in
1253 3394 1322 3445 nube
1342 3393 1446 3459 sedent,

392 3487 522 3528 ueetrataa
538 3471 571 3524 ad
585 3471 639 3524 tela
653 3474 681 3523 iu
696 3486 896 3543 oppugnatores
942 3474 1072 3547 nigrisque
1086 3472 1217 3546 leguntur.
1237 3474 1295 3524 I'ut.
1316 3474 1448 3546 nigrisque
1518 3528 1520 3535 ,

392 3551 545 3608 emittenda.
564 3553 634 3602 nPer
647 3548 769 3618 occulta,
783 3553 835 3617 ait,
851 3553 896 3604 fo·
942 3552 1077 3615 locuntur3
1091 3551 1182 3604 liebot.
1197 3569 1220 3619 t,
1230 3570 1280 3623 pro
1290 3573 1315 3606 v.
1329 3553 1346 3605 Ι.
1358 3554 1448 3628 nigria-

392 3625 494 3687 ramina
509 3627 648 3702 praelongae
662 3628 762 3695 baete,
775 3649 842 3702 quae
856 3651 897 3684 sa·
941 3652 991 3706 que
1003 3644 1131 3705 teguntur.
1145 3663 1181 3674 ·-
1193 3635 1256 3705 Reg.
1269 3635 1301 3698 a,
1316 3633 1448 3709 nigrisque

391 3714 473 3764 riasae
496 3721 613 3773 vocant,
639 3707 673 3760 ad
699 3707 896 3763 submovendos
941 3712 1077 3774 locurum,-
1094 3712 1278 3785 Ileg.Gnoat.
1295 3713 1355 3766 leat.

392 3785 818 3855 hotteaemittebantaneftntir
827 3790 897 3842 Gne·
977 3793 1037 3858 540.
1065 3792 1137 3846 Talia
1158 3793 1300 3865 Agenoreis
1319 3793 1446 3865 Argivum

391 3871 416 3922 ci
440 3869 541 3921 dieunt.
565 3895 601 3907 -
622 3867 758 3920 Fenestroe.
780 3870 896 3924 Peaaime
940 3875 1065 3926 exercitus
1078 3875 1165 3926 annis.
1180 3874 1244 3943 lleg.
1258 3872 1447 3940 Bbabet,Tu·

391 3945 515 4000 nonnulli
527 3943 587 3998 libri
593 3944 712 4016 suretroe.
723 3949 785 4000 Non
797 3950 895 4014 nostri,
941 3952 975 4006 lis
1001 3952 1142 4026 Agenoreis
1168 3951 1295 4026 Argiuum
1322 3953 1448 4005 exercitat

391 4029 437 4098 qui
452 4026 559 4097 sapiunt
572 4023 675 4080 melius.
687 4027 822 4080 Posterior
833 4042 896 4080 etas
940 4051 1031 4094 omnm
1042 4033 1106 4101 Reg.
1118 4033 1139 4083 C
1149 4047 1268 4084 nostram
1281 4032 1343 4085 lect.
1354 4033 1400 4084 Eo.
1410 4061 1447 4074 -

389 4106 457 4162 tales
469 4107 612 4178 fenestras,
631 4108 693 4178 quia
712 4106 819 4176 quadris
834 4127 896 4160 can·
941 4113 1090 4189 Agenoreis.
1104 4111 1248 4166 Thebanie.

219 4207 291 4270 js
391 4188 464 4242 cellia
475 4201 550 4240 erant
560 4189 680 4254 munitae,
691 4187 841 4260 quarnellas
850 4209 897 4241 vo-
977 4191 1037 4260 541.
1060 4193 1161 4247 Virum.
1177 4195 1343 4264 Argivorum.

220 4269 236 4314 ‚²¹
379 4269 478 4324 ‚rabat
489 4267 635 4322 Guilelmus
645 4269 717 4320 Brito
727 4267 773 4320 lib.
785 4269 844 4335 VII,
857 4289 893 4322 va.
978 4269 1446 4339 542.1mberatrox.'l'elorumden-
