3230 5168
487 589 549 652 su
572 587 762 654 osonum
787 590 864 652 vu.
985 635 987 642 ,
1154 591 1197 680 ⁸9

154 713 226 766 bello
236 725 325 766 autem
336 713 491 784 frequenter
501 713 543 764 usi
556 713 660 764 tesseris
672 713 782 764 maxime
793 711 830 764 ed
841 711 1020 783 colligendum
1031 712 1154 776 militem,
1165 713 1199 767 ad

156 792 295 858 excubias,
311 791 346 844 ad
358 809 485 864 pugnam.
500 793 540 844 Dc
553 804 651 844 tessera
664 791 697 844 ad
712 791 892 864 colligendum
906 792 1016 844 militem
1029 792 1199 866 accipiendus

156 873 278 943 Papinius
288 869 348 938 hic,
360 885 387 922 et
398 871 522 940 Virgilius
536 872 593 924 lEn.
607 871 668 936 Vll,
685 873 736 940 637
748 893 754 922 r
776 871 913 924 «Classica
927 875 1036 945 jamque
1047 885 1163 925 sonant:
1179 873 1199 924 it

106 984 110 990 -
156 950 225 1003 bello
239 965 338 1004 tessera
349 952 484 1022 siguum·
501 949 539 1000 De
552 968 583 1002 ea
596 969 654 1022 quae
666 949 700 1002 ad
712 949 836 1002 excubias
849 951 917 1003 idem
930 953 1054 1023 Papinius
1064 950 1149 1004 Theb.
1160 953 1199 1018 X,

161 1047 189 1101 17
203 1042 294 1102 etseq.
312 1052 324 1075 ι
333 1029 380 1083 dat
394 1044 492 1082 tessera
504 1031 625 1100 signum,
636 1029 760 1082 Excubiis
773 1033 917 1102 positaque
930 1035 1028 1084 vices·
1046 1031 1086 1082 De
1098 1051 1130 1084 ea
1143 1049 1199 1102 quas

157 1109 191 1164 ad
202 1130 331 1184 pugnam,
341 1111 461 1182 exempla
478 1125 539 1164 sunt
551 1111 627 1162 chria
640 1111 712 1184 apud
727 1113 885 1184 scriptores,
896 1126 925 1164 ut
938 1113 1022 1164 lllario
1035 1113 1068 1164 ad
1081 1129 1200 1182 pugnam

158 1205 248 1244 contra
261 1190 399 1258 Cimbros,
412 1193 501 1252 Mem
515 1189 589 1264 Syllae
601 1205 695 1244 contra
707 1193 841 1244 Marianos
853 1191 994 1264 Delphicus
1009 1191 1126 1262 Apolle‚·
1143 1191 1199 1244 Coe-

157 1271 209 1324 sari
222 1285 314 1326 contra
328 1272 519 1342 Pompeianos,
536 1270 621 1322 Versus
633 1273 766 1344 penitri15
785 1270 947 1342 Philippensi
963 1273 1019 1322 acie
1034 1272 1159 1334 Octavio,
1174 1281 1200 1322 et

157 1352 272 1414 Antonio
285 1350 396 1425 Apollo,
413 1351 459 1404 sed
475 1369 507 1402 ea
517 1350 615 1403 vocalis
630 1365 694 1404 erat.
713 1349 818 1404 Dabunt
834 1350 991 1422 plerumque
1007 1351 1115 1402 nomina
1130 1351 1201 1400 Deo·

158 1449 216 1482 rona
232 1443 277 1484 aut
287 1434 423 1497 Heroum,
435 1443 465 1482 ut
479 1432 597 1501 proxime
610 1442 698 1502 patet;
716 1430 787 1500 quod
802 1433 926 1483 usitatum
939 1431 1018 1482 etiam
1034 1427 1107 1502 apud
1124 1430 1199 1482 Gru-

159 1529 220 1579 cos,
234 1523 263 1563 ut
281 1510 415 1582 colligitur
433 1530 465 1562 ex
479 1512 607 1562 Pausania
626 1513 653 1562 in
674 1511 813 1564 Phocicis:
832 1511 879 1564 ubi
897 1512 984 1563 Itonia
1002 1511 1123 1564 Minerua
1138 1507 1200 1560 data

158 1589 289 1644 Thessalis
301 1604 417 1660 tessera,
429 1590 608 1644 phocensibus
621 1604 708 1643 eutem
720 1591 834 1656 Phocus,
849 1609 928 1662 aquo
941 1609 1038 1643 nomen
1051 1584 1199 1643 trahebant.

159 1669 242 1722 Etiam
255 1670 328 1742 apud
339 1673 447 1738 Persas,
459 1672 480 1722 si
489 1667 662 1740 Xenophonti
673 1667 738 1721 fides
750 1668 885 1741 Cyropaed.
896 1671 958 1734 Vll,
974 1667 1019 1719 ubi
1031 1687 1047 1720 a
1059 1667 1126 1739 Cgro
1138 1665 1201 1716 data

159 1761 257 1801 tessera
268 1747 322 1806 zuis
332 1747 471 1816 σὺμμιιχος,
482 1746 521 1800 ael
531 1745 635 1816 ipspeir,
648 1763 693 1800 ant
703 1746 756 1803 zris
766 1745 848 1818 stirap.
861 1745 974 1812 Gallice,
985 1748 1011 1800 le
1022 1758 1077 1800 mot
1086 1746 1120 1796 du
1130 1753 1200 1820 quet.

159 1831 220 1882 Erat
234 1843 259 1881 et
274 1843 362 1883 tessera
377 1828 519 1904 hospitalis.
537 1830 576 1881 De
595 1848 646 1902 qua
661 1829 712 1887 viel.
731 1841 822 1881 notatu
839 1827 962 1882 adhunc
979 1846 1102 1893 versum,
1121 1843 1201 1902 supra

158 1926 219 1980 pag.
233 1911 275 1963 28.
295 1912 342 1962 En.

197 2017 256 2086 248.
275 2018 339 2070 Hoec
355 2017 451 2071 uexillo
465 2021 561 2091 puter?
573 2021 631 2071 lloc
645 2030 700 2086 est,
713 2016 902 2070 Thebanorum
916 2015 1028 2068 militnm
1043 2031 1136 2066 munus
1151 2031 1201 2082 po·-

159 2097 220 2148 terit
230 2110 284 2150 tam
293 2101 449 2152 immensum
460 2100 615 2169 Argivorum
626 2101 767 2152 exercitum
780 2117 919 2169 superare,
930 2110 955 2149 et
966 2113 1047 2167 parua
1059 2090 1201 2146 multitudo

158 2172 215 2226 haec
227 2190 319 2230 contra
329 2175 445 2228 hostiurn
454 2179 545 2249 copias
557 2177 663 2230 valebit.
676 2179 714 2230 De
727 2175 896 2230 auxiliaribus
906 2177 997 2247 quaerit
1008 2175 1132 2238 catervis,
1140 2189 1202 2222 nam

160 2269 224 2306 snos
238 2258 307 2309 eires
317 2258 446 2327 agnoscit.
466 2259 593 2310 horsus.

199 2363 257 2416 255.
277 2364 435 2416 Tridentem.
454 2365 539 2416 Causa
554 2383 601 2416 cur
614 2363 754 2417 tridentem
768 2366 795 2416 in
809 2363 895 2436 clipeo
908 2363 1019 2434 gesserit
1032 2363 1133 2432 Dryas,
1147 2367 1203 2408 erat

159 2439 235 2512 quod
246 2443 350 2496 Orionis
362 2462 445 2513 genus
454 2442 588 2512 jactabat;
610 2442 683 2514 quod
703 2442 774 2494 sidus
790 2441 874 2494 fundo
894 2442 961 2494 solet
977 2442 1058 2492 maria
1075 2439 1203 2500 excitare,

157 2538 216 2572 non
229 2521 317 2588 aliter,
329 2542 408 2595 quam
421 2542 481 2575 cum
492 2522 615 2576 Tridente
628 2541 676 2574 suc
692 2525 846 2594 Neptunus,
862 2524 900 2574 sie
911 2531 1093 2594 tempestatem
1107 2515 1202 2580 infert,

158 2603 235 2674 apud
245 2604 390 2674 Virgilium.
401 2607 459 2657 Vet.
473 2603 612 2656 Scholiast.
626 2607 722 2654 Versus
735 2603 836 2673 Virgilii
848 2617 908 2656 sunt
919 2605 976 2654 AEn.
990 2603 1018 2667 l,
1030 2597 1080 2652 535
1092 2609 1118 2650 et
1127 2613 1202 2667 seqq.

352 2725 373 2743 ..
382 2729 388 2740 .
397 2711 470 2758 quum
480 2695 556 2740 subito
566 2707 687 2755 assurgent
696 2693 781 2747 lluctu,
793 2693 912 2738 nimbosus
921 2694 994 2736 Orion

344 2768 372 2814 ln
382 2766 439 2812 vada
448 2782 506 2812 caca
518 2764 582 2820 tulit,
591 2767 732 2828 penitusque
741 2766 880 2828 procacibus
890 2764 978 2810 Austris

344 2839 437 2900 Perque
446 2837 531 2892 undas,
542 2850 665 2900 superante
675 2837 735 2895 salo,
746 2852 835 2898 perque
845 2835 905 2880 insin
915 2849 967 2880 saxa

345 2909 457 2970 Dispoli13
916 2968 918 2974 Α

159 2985 273 3038 classem
290 3006 393 3058 nempe.
413 2989 502 3038 Potest
521 3001 623 3038 utrem
640 2987 673 3038 sit
689 2986 744 3037 haec
760 2988 957 3054 interpretatio;
975 2992 1063 3052 potest
1078 2979 1156 3030 ctiam
1175 2989 1204 3028 ut

160 3063 263 3116 tridens
274 3065 367 3118 Orioni
379 3065 545 3117 adscribatur
556 3077 666 3136 propter
678 3077 730 3114 tres
742 3061 845 3126 stellas,
856 3081 911 3132 quas
924 3077 1032 3112 manum
1044 3059 1100 3126 ejus
1112 3073 1205 3126 praece-

159 3141 256 3196 dentes
271 3143 332 3196 alibi
346 3163 395 3215 pro
409 3143 525 3216 gladios
540 3146 626 3216 poetis
641 3142 782 3196 hahentur.
801 3145 896 3194 Βιιιιιι.

199 3275 260 3328 27¹.
279 3260 412 3332 Neptunia
426 3259 519 3332 plebes.
538 3263 656 3332 Neptuni
673 3262 741 3312 enim
759 3258 826 3313 lilius
843 3257 993 3312 Onchestos
1009 3231 1133 3306 cosiduor
1147 3251 1205 3320 ejus

160 3341 281 3394 civitatis.
297 3343 355 3398 Vet.
370 3339 456 3396 Schol.
471 3355 497 3393 et
508 3341 627 3394 Lactaut.

198 3457 261 3512 330.
278 3459 407 3511 Ithorseos.
420 3460 458 3509 Ex
470 3457 535 3510 urhe
547 3459 574 3510 in
586 3477 638 3528 quo
647 3456 770 3523 lthonus,
782 3455 900 3509 Herculis
914 3455 995 3518 filius,
1005 3451 1131 3522 regnarit.
1144 3449 1205 3498 linc

161 3539 256 3592 civitas
266 3539 369 3590 limotiae
382 3552 429 3590 est,
444 3540 513 3590 Hinc
524 3536 687 3589 bacchilides
704 3537 848 3588 Minervam
863 3534 993 3587 lthoniam
1008 3531 1089 3596 dixit,
1102 3542 1129 3579 et
1142 3525 1205 3578 Alc-

161 3637 268 3671 menem
279 3619 363 3689 ipsam
376 3619 520 3690 significate
535 3636 613 3688 quem
627 3619 741 3669 imitatus
755 3630 795 3668 est
808 3617 929 3668 llorutius
940 3617 966 3666 io
978 3611 1023 3665 illa
1035 3610 1100 3676 ode,
1114 3610 1140 3658 in
1154 3624 1205 3679 qna

161 3700 273 3752 Proteus
285 3700 370 3769 Trojae
380 3699 499 3751 futurum
511 3711 599 3749 narrat
612 3697 751 3749 excidium,
770 3698 896 3750 Lacrssc.

197 3813 258 3880 334.
280 3815 338 3884 Ques
350 3813 510 3878 convehit,
524 3823 596 3883 teque
607 3809 701 3862 ultimo
714 3820 805 3862 tractu.
821 3811 929 3880 Quoque
941 3807 1034 3858 ultima
1047 3813 1139 3877 tractu.
1153 3801 1206 3852 Lo-

160 3911 224 3946 cum
238 3891 488 3945 deformatissimum
502 3910 516 3942 e
531 3891 648 3962 scriptis,
664 3908 679 3941 a
694 3889 790 3960 quibus
805 3887 927 3939 recedere
938 3890 964 3938 io
977 3885 1115 3936 manifesta
1128 3880 1207 3932 boui-

161 3987 218 4026 tate
229 3973 319 4044 religio
333 3974 382 4037 sit,
397 3973 538 4022 restituisse
555 3971 592 4020 sic
604 3970 729 4039 praefatur
743 3968 907 4031 Bernartius,
924 3980 949 4017 et
964 3963 1106 4035 pollicetur
1119 3963 1207 4030 jusju-

161 4051 276 4106 randum
285 4051 372 4104 serbis
386 4050 609 4120 conceptissimis,
622 4050 658 4100 ita
673 4049 807 4120 scripsisse
821 4047 967 4117 Papinium.
982 4046 1016 4095 At
1029 4062 1078 4112 ego
1089 4043 1206 4110 injurato

159 4131 229 4184 mihi
238 4130 308 4184 credi
316 4129 412 4196 velim,
424 4129 527 4180 nullum
540 4126 602 4179 mihi
613 4129 698 4178 risum
709 4127 843 4186 codicem,
856 4128 882 4176 in
896 4143 949 4197 quo
963 4142 1016 4175 non
1028 4122 1121 4181 fuerit,
1134 4131 1208 4192 teque

161 4210 258 4266 alume
274 4224 356 4265 tractu
373 4209 527 4272 Anthedon,
547 4205 619 4280 quod
637 4207 682 4259 ille
692 4207 769 4258 tollit.
785 4205 827 4257 Sic
839 4219 865 4257 et
877 4207 945 4256 inter
956 4217 1062 4256 ceteros
1079 4195 1208 4250 Buslidia-

161 4311 228 4359 nus,
244 4311 321 4366 quem
339 4291 376 4346 ab
392 4289 588 4342 humanissimis
601 4288 796 4360 possessoribus
807 4289 992 4359 impetraverat
1003 4282 1068 4336 mihi
1079 4277 1208 4332 utendum
