3284 5162
628 595 770 660 LIBER
793 597 855 661 lll.
1201 599 1265 690 377

195 783 202 792 .
268 722 430 804 Pessime,
444 720 618 788 funeribus
630 723 765 813 patriae,
778 721 992 818 lacrimisque
1004 727 1162 816 potitum,
1216 754 1268 810 270

266 831 492 899 Eumenidum
504 831 650 926 bellique
663 857 775 912 reum,
788 838 956 926 patiemur
967 835 1077 903 inulti.

266 946 324 1010 Sat
334 961 390 1009 tua
402 967 470 1009 non
483 945 586 1036 aequis
599 942 725 1009 luimus
737 942 885 1036 perjuria
898 946 999 1013 Divis

267 1053 1265 1148 Urbemarmisopibusquegravem‚etmodoeivibusarctam,

267 1170 335 1232 Ceu
347 1165 429 1234 caelo
440 1167 579 1235 dimissa
591 1167 681 1248 lues,
696 1171 870 1236 inimicave
883 1168 997 1252 tellus,

268 1279 430 1366 Hausisn,
444 1301 651 1374 vacuamque
662 1295 776 1347 tanren
788 1278 940 1348 sublimis
954 1279 1158 1348 obumbras?
1215 1293 1265 1365 ²7⁵

266 1389 368 1454 Deest
378 1390 511 1454 servitio
522 1387 654 1480 plebes:
673 1386 733 1456 hos
746 1391 831 1479 ignis
844 1406 979 1480 egentes

266 1501 344 1562 Fert
353 1495 494 1579 humus,
507 1496 568 1566 bos
581 1496 700 1589 pelago
713 1499 841 1591 patrius
852 1496 922 1589 jam
935 1498 1054 1566 detulit
1065 1501 1186 1566 amnis.

265 1608 308 1672 Hi
320 1623 476 1700 quaerunt
488 1624 596 1690 anm,
609 1606 657 1673 illi
669 1606 774 1675 ardua
786 1607 925 1676 vulnera
937 1625 1066 1704 curant.

265 1713 380 1783 Redde
391 1715 535 1808 agedum
548 1720 678 1784 miseris
691 1718 826 1800 fratres,
840 1735 1020 1813 natosque,
1033 1735 1229 1812 patresque,

264 1824 379 1893 Redde
390 1830 477 1894 arvis
488 1827 711 1922 domibusque
724 1831 831 1896 viros:
845 1828 902 1895 ubi
911 1833 1076 1897 maximus
1088 1835 1262 1922 HypseuS,

265 1938 508 2032 Finitimusque
520 1939 716 2034 Dryasiubi
728 1938 892 2008 Phocidos
903 1965 997 2008 arma
1009 1963 1157 2023 sonorae,
1213 1955 1260 2008 πει

218 2159 293 2211 Hanc
307 2158 446 2212 lectionem
461 2162 542 2234 Regg.
558 2163 577 2212 B
591 2174 617 2213 et
635 2160 719 2214 Cha·
764 2164 866 2218 sevitie
876 2187 885 2227 ,-
909 2183 965 2236 quae
988 2166 1095 2216 omnino
1119 2163 1263 2234 Pupiniam

218 2236 291 2290 bent.
310 2239 357 2290 En.
763 2257 811 2294 est.
822 2267 833 2290 ι
847 2247 941 2294 Rauen.
952 2245 1007 2296 Hos
1019 2243 1085 2317 iqnis
1094 2260 1187 2314 apenos
1196 2257 1263 2292 unus

255 2335 315 2386 270.
335 2319 458 2386 Pessime,
465 2320 602 2390 funeribus
610 2319 718 2391 patrita,
763 2319 854 2372 Rebot.
874 2340 922 2390 pro
937 2341 960 2372 v.
982 2321 999 2372 l.
1019 2349 1051 2358 -
1071 2321 1146 2372 Deest
1163 2320 1264 2372 servitio

219 2393 380 2468 lacrimisque
398 2399 521 2468 potitum.
545 2399 663 2450 «Nescio
685 2417 717 2449 an
760 2396 852 2471 plebes.
864 2402 940 2451 Hunc
950 2417 1053 2451 versum
1066 2411 1144 2468 atque
1154 2415 1264 2469 sequen·

218 2493 272 2526 non
287 2479 320 2527 sit
332 2473 375 2526 τοῦ
392 2478 492 2527 narrasti
509 2476 587 2528 lectio
603 2478 718 2547 optima·
764 2491 802 2530 tea
817 2477 887 2532 delet
898 2481 1030 2552 Capetus,
1045 2489 1074 2528 ut
1085 2479 1216 2528 insititios.
1229 2505 1265 2516 —

217 2572 276 2605 rum
289 2555 498 2608 membranarum
512 2569 660 2629 potentem:
674 2559 718 2609 eui
763 2559 828 2610 Vide
841 2577 899 2630 pag.
914 2561 965 2612 308
979 2572 1042 2610 torn.
1056 2561 1066 2608 l
1078 2559 1140 2609 Stat.
1159 2559 1205 2608 En.

218 2636 717 2705 assentitureodexLindenbrogiolau·
800 2655 859 2708 277.
874 2640 977 2691 Patrius
988 2638 1081 2690 amnis.
1094 2637 1226 2700 Ismenus,
1236 2635 1264 2685 in

218 2711 304 2765 datus.
316 2737 326 2761 ι
340 2715 436 2764 Binan.
446 2744 483 2754 -
492 2715 553 2765 Hae
566 2715 593 2764 in
604 2717 685 2786 Regg.
698 2718 718 2766 B
763 2735 816 2786 quo
829 2730 976 2788 pugnaturn
992 2718 1091 2780 luerat,
1103 2715 1214 2784 caesique
1229 2712 1263 2764 ab

219 2805 245 2843 et
258 2795 279 2846 C
293 2794 425 2844 invenitur
440 2793 527 2845 lectio.
547 2794 592 2844 Eo.
762 2795 976 2866 Hippomedonta
986 2794 1070 2858 multi,
1081 2810 1194 2864 quorum
1205 2808 1264 2842 eor-

255 2890 313 2942 ²7¹·
327 2873 502 2925 Eumenidum
513 2873 624 2946 bellique
636 2892 716 2926 mum.
762 2893 828 2944 pora
842 2894 857 2927 a
872 2873 952 2926 fluvio
967 2878 994 2926 in
1014 2891 1085 2924 mare
1096 2871 1188 2922 'delata
1202 2873 1262 2923 fue-

217 2950 248 3003 ld
261 2965 313 3018 est,
325 2967 463 3005 oneratum
475 2953 596 3005 omnibus
607 2956 718 3006 crimini·
762 2968 830 3006 rant.

217 3031 267 3084 bus
277 3034 303 3083 in
314 3031 366 3085 boc
376 3032 614 3098 bellocommissis‚
626 3046 651 3085 et
661 3053 717 3106 quse
798 3033 857 3101 278.
878 3034 915 3084 Hi
933 3040 1052 3104 quoentnt
1066 3042 1148 3094 ortus,
1166 3026 1264 3078 illius·
1313 3045 1315 3051 ⁴

216 3111 375 3164 Eumenides
388 3126 584 3183 sugflesserunt.
761 3111 813 3163 dua
826 3113 933 3164 vulnera
945 3122 1044 3163 curent.
1058 3112 1116 3160 Put.
1129 3120 1155 3160 et
1169 3105 1262 3158 Beltot.

255 3207 314 3259 272.
338 3193 464 3262 Periuria.
487 3193 556 3260 Quia
579 3193 717 3262 imperium
762 3212 791 3260 n,
805 3215 853 3265 pro
863 3215 887 3248 v.
901 3195 918 3246 l.
931 3195 1010 3246 anxia
1023 3191 1140 3246 uulnera.
1153 3190 1263 3260 —lleg.

216 3285 288 3321 sorte
302 3269 420 3322 debitum
436 3272 507 3322 fratri
521 3273 631 3342 negasti.
761 3275 780 3324 B
791 3273 869 3326 habet
880 3275 948 3326 bane
959 3274 1020 3326 lect.
1032 3275 1094 3342 ling.
1107 3271 1261 3322 Cnostram·

253 3352 312 3421 274.
330 3355 380 3404 Ceu
392 3352 455 3405 coelo
467 3352 572 3406 dimissa
584 3352 652 3416 lues,
666 3353 718 3402 ini·
761 3354 806 3404 En.
817 3383 852 3393 -
862 3354 945 3404 Attus.
960 3351 1078 3403 Perditos
1092 3347 1195 3418 supple.

216 3431 716 3503 micaretellus.Geucoelodijectaunus
804 3433 863 3484 280.
901 3433 1037 3504 Hypseus,
1074 3429 1265 3496 finitimusque

216 3511 300 3562 codex
311 3510 507 3582 Lindenbrogii.
517 3539 553 3551 -
562 3513 625 3581 neg.
638 3513 658 3562 R
670 3510 716 3562 ha·
761 3510 852 3584 Dryas.
871 3514 959 3564 Duces
971 3511 1104 3575 Thebani‚
1118 3509 1162 3580 qui
1173 3509 1201 3557 in
1211 3505 1263 3558 boe

216 3588 275 3657 bet,
292 3591 342 3640 Ceu
354 3590 417 3643 celo
430 3590 525 3662 dejecta
540 3589 606 3650 lues,¹
620 3591 683 3660 Refl.
696 3591 716 3640 C
760 3590 832 3644 bello
842 3594 990 3663 perierant,
1000 3603 1029 3642 ut
1038 3589 1159 3642 vidimus.
1169 3585 1264 3638 -Adi

216 3683 336 3720 nostram
347 3670 405 3722 leet.
417 3671 463 3722 En.
473 3671 661 3723 -Inimicaue
672 3669 716 3722 tel·
760 3690 821 3743 pag.
835 3671 886 3739 445
900 3684 963 3723 torn.
977 3673 987 3721 l
1000 3671 1064 3722 stat.
1078 3681 1146 3720 nost.
1167 3667 1211 3717 Eo.

217 3746 266 3798 lus.
282 3748 347 3814 Quae
361 3747 484 3819 negando
499 3750 603 3818 fruges,
620 3749 717 3800 sterili·
798 3752 857 3802 281.
877 3752 922 3822 Fq.
935 3752 968 3802 Ι).
988 3749 1036 3801 Ubi
1047 3746 1175 3801 Phocidos
1187 3763 1262 3796 artua

216 3842 269 3881 tate
285 3849 315 3882 ae
331 3829 399 3881 fame
413 3829 534 3881 lromines
549 3829 656 3882 occidit.
760 3846 866 3881 sonoroe.
880 3833 938 3880 Put.
951 3819 1028 3880 arma*
1039 3845 1136 3880 sonare.
1146 3855 1182 3864 -
1192 3822 1263 3875 Pto·

253 3911 312 3980 276.
329 3912 404 3964 Deest
424 3913 525 3964 servitio
544 3911 649 3980 plebes:
672 3911 718 3964 lios
761 3909 829 3962 eidos
842 3910 982 3960 souorae.A
998 3907 1088 3958 Phoco
1103 3905 1176 3956 AEaei
1191 3903 1262 3969 lilio,

216 3989 396 4063 ipnt'seyeutes.
405 3991 466 4040 lam
475 3991 541 4042 deest
550 4006 616 4041 unus
627 3989 714 4041 Barth.
761 4006 841 4058 quem
851 3988 941 4039 Peleus
954 4001 979 4039 et
989 3986 1138 4038 'l'belamon
1151 3981 1263 4034 occidis·

215 4080 242 4118 et
256 4067 348 4120 Bebot.
363 4086 386 4134 1,
402 4091 413 4113 ι
424 4071 514 4138 lnepta
527 4070 656 4138 scriptura
667 4087 717 4119 ser·
761 4083 789 4119 se
798 4066 934 4133 dicuntur,
943 4069 1034 4118 civitas
1045 4083 1140 4116 nomen
1150 4063 1261 4132 aceepit.

215 4147 278 4200 vitio
289 4145 388 4221 plebes,
407 4167 459 4218 prae
475 4147 521 4198 illa
534 4165 591 4217 quae
606 4149 632 4198 in
646 4149 717 4216 opti·
760 4147 1067 4199 Laerten—Sonent.
1088 4142 1136 4194 Vel
1155 4153 1263 4212 propter
1343 4190 1348 4208 ⁸

214 4227 264 4278 mis
278 4226 436 4279 membranis
448 4228 605 4297 perspicue,
618 4227 644 4276 in
660 4224 717 4278 aliis
762 4227 884 4292 oracula,
899 4243 956 4298 quse
969 4224 1007 4275 ibi
1019 4220 1208 4284 reddebantur,
1222 4217 1262 4270 vel

214 4302 717 4376 adjectacerniturprorarialeetione,
761 4320 872 4376 propter
890 4306 997 4370 Musas,
1015 4321 1072 4376 quoe
1091 4303 1117 4354 in
1132 4304 1262 4354 Parnasso
