3264 5166
358 547 425 614 abo
593 547 628 610 P.
653 545 689 610 P.
715 544 870 612 STATH
895 544 1170 614 THEBAIDOS

403 677 496 744 Stare
507 687 648 767 negant,
662 674 813 768 ipsisque
824 673 918 742 nefas
930 669 1136 743 lacrimabile
1148 671 1289 756 Thebis,

405 785 479 854 Ibat
490 809 683 880 purpureus
695 787 795 854 niveo
807 783 849 854 de
861 801 996 880 pectore
1009 788 1156 878 sanguis.

404 897 557 968 Tandem
569 897 642 967 baec
653 899 804 991 singultu
816 899 919 968 verba
931 898 1100 969 incidente
1110 877 1282 993 prolaturi

455 1008 1406 1103 «labimur,i,miseram,Dorceu,solareparentem.885

405 1120 467 1189 llla
479 1120 636 1215 quidem,
650 1123 678 1188 si
689 1145 769 1189 vera
782 1122 896 1190 ferunt
907 1123 1068 1216 praesagia
1079 1147 1185 1204 curte,

404 1237 472 1299 Aut
483 1255 602 1300 somno
611 1227 683 1325 jam
695 1235 788 1302 triste
800 1233 912 1315 nefas,
925 1249 984 1301 aut
994 1235 1107 1302 omine
1117 1233 1213 1301 vidit.

404 1345 457 1410 Tu
469 1359 584 1410 tamen
595 1359 666 1411 arte
678 1346 733 1437 pia
745 1343 910 1438 trepidam
923 1342 1109 1437 suspende,
1121 1343 1247 1438 diuque

404 1454 557 1546 Decipito
569 1479 576 1521 ε
590 1477 656 1522 neu
668 1471 705 1524 tu
718 1455 867 1537 subitus,
880 1477 964 1523 neve
977 1479 1070 1523 arma
1083 1445 1210 1522 tenenti

405 1568 561 1648 Veneris,
575 1581 614 1668 et¹
620 1567 756 1635 tandem
768 1590 875 1662 quum
883 1564 955 1660 jam
968 1591 1088 1660 cogere
1100 1566 1215 1641 fateri.
1353 1579 1407 1647 890

404 1677 466 1742 Dic
477 1701 484 1741 :
497 1717 544 1727 —
559 1706 573 1735 a
585 1679 713 1758 Merui,
726 1679 887 1770 genitrix,
900 1700 1033 1770 poenas,
1046 1679 1150 1748 invita
1162 1695 1343 1768 capessens

406 1791 505 1852 Arma
516 1809 602 1878 puer
613 1789 728 1880 rapui,
741 1811 804 1855 nec
816 1802 849 1855 te
861 1790 1026 1856 retinente
1038 1789 1167 1882 quievi:

406 1899 475 1963 Nec
485 1893 545 1962 tibi
558 1895 709 1964 sollicitae
719 1895 837 1964 saltem
849 1899 936 1965 inter
946 1896 1035 1966 bella
1047 1897 1192 1989 peperci.
1205 1973 1209 1981 ¹

404 2006 488 2071 Vive
499 2007 617 2097 igitur,
629 2007 809 2099 potiusque
820 2007 941 2073 animis
954 2009 1098 2075 irascere
1109 2004 1252 2073 nostris:

358 2269 434 2328 Lacr.
447 2297 480 2310 -
489 2270 760 2341 Etpreasisconcusra
770 2273 858 2325 camb.
902 2291 1007 2346 panas,
1021 2273 1104 2326 inuisa
1114 2269 1224 2344 capessi,
1240 2270 1296 2324 Nec
1308 2267 1356 2320 tibi
1365 2287 1407 2321 so-

358 2349 432 2402 Ritus
443 2347 502 2420 (bic
515 2366 530 2400 a
542 2349 680 2402 Lactantio
692 2351 860 2423 observatus)
904 2349 994 2416 licitoe,
1008 2363 1059 2403 etc.
1070 2351 1204 2401 -Invita
1216 2365 1345 2420 capessens
1355 2347 1408 2398 Ar·

358 2429 421 2482 alibi
436 2430 499 2482 mihi
512 2429 674 2484 conlectus.
691 2432 859 2504 Sciopraese-
903 2450 947 2482 ma
965 2449 1039 2505 puer.
1060 2431 1132 2484 MSS.
1156 2445 1252 2500 magno
1274 2445 1406 2481 consensu

358 2513 411 2562 cari
423 2510 507 2563 solere
517 2514 602 2564 crines
615 2511 801 2576 morientibus,
811 2529 860 2564 un·
903 2529 1009 2583 capesse.
1016 2509 1197 2582 ldqueverum
1206 2523 1405 2578 esseaguosces,

358 2589 392 2642 de
404 2590 469 2642 illud
481 2591 572 2662 virgil.
584 2591 686 2644 AEneid.
699 2593 776 2658 1v‚v.
790 2592 857 2661 698:
903 2591 985 2644 modo
1006 2607 1077 2644 recte
1100 2589 1292 2662 interpunxeris
1305 2609 1312 2639 z
1333 2587 1407 2640 Dice

360 2669 508 2721 aNorrdurn
528 2669 564 2722 illi
585 2671 682 2723 flavum
702 2673 859 2744 Proserpina
903 2673 1000 2740 merui,
1012 2672 1146 2745 genitrix.-
1162 2688 1252 2742 poeaas
1267 2668 1349 2721 invita
1363 2685 1405 2719 ca·

357 2749 453 2800 vertice
467 2751 567 2800 crinem
580 2749 747 2801 Abstulerat:
759 2773 770 2796 n
784 2747 858 2820 (Μει-
900 2769 978 2824 pesse.
990 2753 1072 2803 Anna
1082 2768 1148 2824 puer
1157 2749 1241 2821 rapui.
1255 2747 1357 2819 Dignus
1367 2745 1407 2797 fui

356 2825 462 2878 crebius
480 2829 564 2882 Satur.
580 2829 613 2895 V,
628 2847 687 2900 cap.
706 2847 754 2900 19,
768 2828 859 2880 videa·
902 2834 1004 2903 perire,
1022 2832 1066 2902 qui
1085 2843 1112 2882 tc
1129 2827 1304 2892 offenderim,
1322 2837 1347 2877 et
1363 2826 1406 2876 in-

356 2907 483 2976 tur:)sed
494 2907 557 2960 nihil
568 2907 602 2960 ad
611 2907 698 2960 lucem
708 2906 786 2979 hujus
795 2907 858 2961 loci.
899 2914 977 2982 jussu
985 2924 1031 2962 tuo
1042 2928 1115 2962 arma
1124 2928 1189 2980 puer
1199 2907 1346 2980 rapuerim,
1355 2921 1406 2956 nee

392 2987 453 3054 884.
472 2989 615 3041 Incidente.
628 2993 842 3059 Interrumpente
903 2989 943 3042 vel
956 2990 983 3040 in
998 2991 1056 3060 ipso
1074 2987 1178 3059 praelio,
1194 2989 1233 3038 tui
1245 2985 1405 3050 reverentia,

393 3065 453 3119 885.
474 3067 603 3134 labimur,
614 3068 637 3136 i,
648 3067 782 3134 miseram,
793 3067 860 3120 Dor·
902 3069 1010 3139 parcius
1019 3085 1059 3118 me
1068 3064 1186 3137 periculo
1198 3064 1351 3134 objecerim.
1359 3063 1407 3113 lle·

356 3163 416 3210 ceu,
429 3161 478 3199 etc.
492 3147 616 3200 labimur
626 3159 652 3200 et
660 3150 779 3200 miseram
790 3165 858 3199 nnus
903 3149 999 3199 suscita
1010 3149 1089 3217 igitur
1097 3147 1163 3198 iram
1171 3158 1258 3209 tuam,
1267 3156 1297 3195 at
1306 3144 1407 3214 patien-

356 3226 448 3279 Bebot.
903 3229 955 3279 tius
967 3226 1073 3292 doleas,
1089 3239 1114 3278 ct
1126 3227 1215 3295 cogita
1229 3225 1299 3275 Deos
1311 3235 1405 3274 mater»

392 3306 775 3378 886.Siveraferuutproesaqia
781 3321 855 3357 curoe·
903 3325 942 3360 nae
954 3309 1096 3378 majestatis
1108 3306 1238 3371 vindices,
1250 3315 1328 3375 teque
1337 3301 1406 3356 adeo

356 3386 423 3438 vide
434 3405 512 3458 supra
522 3403 558 3438 rs.
570 3385 630 3439 850.
902 3389 1001 3457 ipsam,
1015 3387 1078 3439 licet
1089 3387 1212 3452 invitam,
1222 3397 1248 3436 et
1257 3385 1404 3454 graviores,

392 3466 452 3535 889:
461 3466 595 3537 Decipito:
605 3465 857 3528 neutumbitus,etc.
900 3471 985 3538 justas
998 3481 1099 3530 tamen,
1116 3465 1150 3516 de
1164 3483 1206 3516 me
1222 3479 1313 3536 poenas
1324 3479 1405 3532 expe·

355 3545 385 3597 ln
394 3545 488 3597 eodem
497 3544 588 3596 llebot.
598 3545 704 3596 codice:
717 3555 783 3596 netu
793 3547 860 3597 subi·
902 3548 989 3599 tivisse
1001 3547 1036 3599 ob
1051 3546 1246 3598 contumaciam
1262 3553 1288 3596 et
1302 3541 1403 3594 temeri·

356 3635 404 3674 ras.
417 3653 453 3663 -
464 3624 535 3673 Neve
548 3639 621 3673 arma
637 3623 741 3673 tenenti.
760 3623 857 3688 Nera,
902 3639 993 3678 tatem,
1013 3629 1069 3678 Hoc
1091 3625 1164 3678 velut
1181 3623 1288 3676 ultionis
1308 3621 1403 3674 solatio

357 3716 403 3753 aut
414 3719 443 3752 se
454 3701 601 3753 interliciat.
902 3706 1003 3758 lurtum
1017 3707 1116 3778 mitiga.
1136 3706 1253 3756 Gnoaov.

392 3779 453 3849 891.
471 3780 536 3830 Dio:
547 3810 583 3820 --
598 3778 718 3844 atterat,
728 3780 855 3854 penitus,
939 3785 999 3854 893.
1019 3787 1055 3838 N.
1074 3795 1092 3835 t.
1111 3803 1129 3836 s.
1145 3781 1236 3836 saltem
1256 3782 1325 3833 inter
1337 3776 1404 3830 bella

354 3858 855 3931 panas,inuitacapesseas.0mnescdd.
900 3865 1012 3935 peperci.
1034 3865 1084 3914 Pro
1106 3860 1197 3915 saltem
1221 3876 1289 3910 unus
1311 3855 1402 3910 Belrot.

357 3937 391 3989 ab
410 3937 508 3990 Aldina
523 3957 665 4010 capessens:
684 3957 776 3991 omnes
794 3957 856 3991 vero
902 3942 983 3994 habat
1001 3943 1115 3995 tandem.
1138 3970 1174 3981 -
1196 3938 1321 3991 Eamdem
1342 3935 1402 3988 lect.

357 4015 437 4069 codd.
455 4021 626 4091 manuscripti
645 4021 723 4072 etiarn
739 4021 855 4072 Petrens.
901 4021 984 4074 babet
1006 4024 1068 4093 Reg.
1093 4024 1131 4083 B,
1153 4022 1216 4090 Refl.
1237 4018 1402 4070 Cncstram.

356 4095 451 4149 etExc.
459 4096 571 4149 Cantab.
580 4117 691 4171 capesse,
703 4099 737 4149 ita
749 4117 857 4170 quoque
902 4103 948 4153 En.

356 4177 461 4228 Venett.
476 4189 502 4228 et
520 4180 595 4230 Rom.
613 4177 735 4229 Barthius
750 4197 786 4230 vs.
806 4179 855 4247 892
939 4181 999 4250 894.
1021 4181 1086 4232 Vive
1098 4181 1185 4255 ipimr,
1200 4177 1335 4250 potiusque
1346 4176 1404 4226 ani·

357 4253 445 4308 deleto
456 4254 533 4328 legit:
546 4257 609 4321 Dic;
620 4259 718 4325 merui,
730 4258 857 4331 qenitnlr,
902 4259 951 4312 mis
962 4260 1067 4312 irascere
1078 4259 1177 4311 eastris.
1193 4259 1256 4324 liep.
1271 4255 1292 4305 B
1305 4252 1402 4317 habet,
