3256 5160
342 549 348 558 ,
436 473 500 556 45η)
671 474 704 536 P.
730 473 765 535 P.
792 471 947 538 STATll
971 471 1248 540 THEBAlDOS

480 605 588 666 Orcus
598 650 607 681 ,
619 615 764 692 uterque
775 600 892 668 minax
903 596 1039 689 globus,
1053 615 1087 668 et
1098 617 1239 668 conetur
1254 613 1395 694 uterque

479 711 642 804 Longius:
660 712 743 802 ipsta
755 711 856 778 etiam
867 725 1038 778 commoto
1051 708 1200 804 pondere
1214 708 1370 803 paullum
1427 718 1474 788 435

478 826 651 892 Secessere
662 819 994 890 trabes:conclamat
1005 823 1120 892 territa
1131 824 1240 914 virgo:
1398 903 1401 914 ἱ

485 932 714 1014 uOccidimus,
727 933 931 1028 functasque
942 957 1046 1004 menn
1060 932 1306 1002 stimulavimus
1318 935 1395 1000 iras.

479 1049 596 1112 Frater
608 1059 696 1112 erat:
711 1046 788 1138 quis
800 1046 890 1114 enim
906 1068 1061 1114 accessus
1074 1045 1167 1114 ferus
1179 1043 1321 1137 hospitis
1332 1041 1460 1112 nmbrae

477 1153 639 1222 Pelleret?
652 1177 695 1221 en
707 1153 806 1248 clipei
817 1155 987 1247 fragmen,
1002 1173 1219 1252 semustaque
1233 1179 1338 1224 nosco

477 1264 636 1356 Cingula,
650 1265 754 1334 frater
767 1283 856 1336 erat:
869 1269 1039 1351 cernisne,
1053 1287 1091 1336 ut
1103 1267 1239 1336 llamma
1251 1264 1401 1348 recedat,
1426 1275 1475 1342 llo

476 1380 730 1470 Concurratqne
743 1392 856 1446 tamen
866 1383 881 1446 Ρ
893 1381 1012 1446 vivunt
1023 1377 1100 1446 odia
1114 1377 1284 1472 improba,
1301 1380 1429 1446 vivunt.

476 1485 530 1554 Nil
541 1503 657 1554 actum
667 1487 773 1556 bello:
788 1492 917 1574 miseri,
932 1492 979 1560 sic
991 1490 1075 1558 dum
1086 1515 1180 1558 arma
1191 1492 1351 1573 movetis,

475 1599 563 1665 Vicit
577 1622 699 1692 nempe
711 1603 837 1669 Creon:
850 1625 1019 1697 nusquam
1030 1603 1101 1695 jam
1114 1627 1233 1694 regna:
1248 1604 1325 1697 quis
1337 1600 1455 1670 ardor?

473 1711 536 1775 Cui
547 1709 678 1778 furitis?
691 1707 804 1778 sedate
817 1714 926 1780 minas
940 1738 946 1778 :
961 1728 1066 1808 tuque
1079 1711 1175 1781 exsul
1186 1712 1332 1807 ubique,

474 1819 613 1912 Semper
624 1821 721 1911 inops
734 1823 822 1913 aequi
831 1873 839 1903 ,
848 1818 919 1915 jem
933 1821 1030 1889 cede:
1044 1821 1109 1891 boc
1122 1837 1227 1916 nupta
1239 1837 1412 1914 precatur,
1425 1833 1475 1900 445

473 1933 546 1999 lloc
558 1955 669 2016 soror,
684 1949 743 2000 aut
755 1956 862 2000 saevos
874 1932 994 2000 mediae
1005 1935 1177 2002 veniemus
1189 1936 1224 2000 in
1239 1936 1343 2026 ignes.
1355 1963 1369 1992 u

518 2047 583 2110 Vix
595 2067 652 2128 ea,
668 2069 775 2140 quum
789 2045 921 2126 subitus
933 2069 1072 2139 campos
1084 2063 1229 2128 tremor,
1243 2045 1377 2140 altaque
1390 2061 1478 2114 tecta

473 2154 630 2248 Impulit,
643 2153 840 2254 adjuvitque
855 2159 926 2252 rogi
940 2157 1103 2226 discordis
1117 2155 1245 2241 hiatus,

471 2271 514 2336 Et
526 2265 667 2360 vigilum
680 2267 815 2337 turbata
827 2271 937 2364 quies,
950 2269 1075 2364 quibus
1087 2272 1160 2362 ipse
1172 2267 1340 2338 melorum

472 2376 633 2469 Fingebat
646 2378 823 2447 simulacre
836 2403 952 2474 sopor:
966 2383 1034 2449 ruit
1045 2381 1146 2463 ilicet,
1160 2403 1297 2448 omnem
1428 2391 1478 2457 4⁵0

471 2491 694 2580 Prospectum
705 2487 854 2558 lustrans
866 2507 998 2560 armata
1011 2491 1167 2585 indagine
1180 2489 1289 2560 miles.

461 2672 525 2740 434.
536 2673 640 2726 Minox.
652 2676 786 2738 Eminens.
798 2706 835 2718 -
845 2678 930 2730 Coun-
975 2679 1047 2732 nium
1058 2681 1194 2749 scripsisse
1205 2679 1314 2732 omniuo
1324 2677 1479 2732 existimo.»

426 2766 470 2806 tur
479 2765 593 2828 uterque.
607 2757 640 2810 Se
652 2756 686 2810 ab
697 2759 809 2811 invicem
819 2777 930 2832 separa·
974 2760 1070 2812 maru.
1082 2785 1120 2798 -
1133 2760 1242 2828 Cnmpm
1255 2769 1356 2812 tremor.
1375 2755 1410 2808 ld
1428 2769 1481 2819 est,

427 2854 464 2888 re.
476 2837 604 2888 Beuxtnr.
976 2837 1082 2892 sceleris
1102 2837 1230 2903 horrore,
1249 2855 1302 2909 quo
1321 2855 1349 2888 se
1370 2835 1481 2888 flamme

463 2913 523 2980 438.
535 2915 563 2966 F.
574 2934 596 2966 e.
611 2934 637 2987 q.
650 2935 673 2968 e.
685 2933 710 2968 α.
718 2915 745 2987 f.
758 2915 863 2989 hospitis
874 2937 931 2970 itm·
975 2915 1134 2982 diviserant,
1144 2929 1217 2968 terrte
1227 2919 1313 2969 factus
1326 2929 1366 2968 est
1378 2929 1482 2966 motus:

427 2995 487 3045 broe.
501 2995 570 3045 Dan.
583 2995 641 3045 Put.
652 2995 741 3047 Petav.
752 2995 930 3066 Lindenbrog.
976 3010 1003 3050 et
1015 2993 1201 3048 dividebantur
1213 2996 1318 3066 quidem
1333 2993 1399 3046 odio
1414 2994 1483 3046 llam·

426 3088 454 3126 et
469 3074 547 3128 Cruc.
568 3076 669 3129 umbros
684 3106 720 3118 -
732 3080 797 3146 Reg.
816 3081 836 3130 Β
850 3076 932 3130 babet
976 3093 1037 3140 mas,
1056 3075 1103 3128 sed
1123 3075 1183 3145 plus
1196 3075 1334 3146 disjuncte
1351 3087 1417 3127 sunt
1432 3089 1483 3126 ter-

427 3156 497 3208 hanc
509 3155 569 3208 lect.
583 3157 630 3208 En.
975 3173 1025 3206 ret
1036 3153 1184 3224 prodigiale
1196 3157 1266 3208 enim
1279 3169 1433 3208 monstrum
1441 3170 1484 3206 ex·

465 3236 526 3302 441.
550 3238 743 3308 concurratque
768 3239 872 3288 umen?
895 3238 933 3289 ui·
976 3233 1079 3288 horruit
1092 3247 1166 3286 terra.

428 3326 495 3368 uuirt
515 3314 575 3368 odia
600 3316 738 3388 improba,
762 3316 859 3368 uiuunt.
884 3318 932 3368 llic
1013 3313 1074 3382 449.
1092 3315 1189 3384 Quibus
1203 3314 1257 3384 ipse
1271 3311 1403 3364 iuniorum
1423 3315 1485 3366 ltn-

430 3413 520 3448 vcrsns
533 3396 561 3446 in
571 3396 634 3464 Reg.
648 3393 853 3446 Bdesideratnr.
872 3397 918 3448 En.
976 3396 1054 3468 gebat
1067 3395 1208 3448 simulacra
1224 3412 1308 3466 sopor.
1327 3394 1486 3456 Malorum

465 3474 526 3542 445.
552 3475 659 3545 Semper
683 3473 757 3546 inops
784 3475 860 3546 requi.
886 3475 935 3526 Cui
978 3493 1074 3546 nempe
1099 3494 1155 3546 quas
1180 3477 1253 3547 ipsos
1274 3473 1487 3545 exspectabant,

430 3573 535 3627 semper
543 3555 587 3624 jus
601 3565 723 3622 negatur.
979 3555 1067 3626 quod,
1086 3554 1150 3608 dum
1172 3574 1266 3608 somno
1292 3553 1384 3606 obruti
1409 3567 1487 3616 tunt,

465 3635 526 3702 446.
542 3636 577 3686 Η.
593 3654 612 3688 s.
627 3655 652 3686 a.
666 3653 686 3686 s.
701 3633 792 3684 medie
804 3635 936 3686 veniemus
980 3655 1078 3708 corpus
1088 3637 1218 3710 Polynicis
1228 3651 1375 3688 crematum
1390 3635 1489 3689 fuerat.

429 3720 457 3770 iu
470 3719 549 3792 ignes.
565 3716 616 3768 «ln
630 3717 732 3787 optimo
744 3713 837 3766 codice
847 3713 935 3784 glossn
979 3714 1103 3768 Edixerat
1121 3717 1189 3768 enim
1206 3715 1306 3779 Creon,
1323 3714 1375 3768 boc
1393 3715 1444 3768 lib.
1464 3733 1488 3764 v.

430 3811 470 3850 est
482 3796 602 3850 indicans
617 3795 683 3846 alios
698 3794 785 3863 legere
797 3793 878 3844 ambe
890 3812 933 3843 ne·
983 3810 1042 3856 rot,
1054 3813 1087 3846 no
1098 3797 1156 3866 quis
1171 3817 1181 3840 ι
1193 3813 1244 3867 ope
1257 3808 1302 3846 aut
1314 3793 1432 3848 flammis
1442 3793 1491 3846 Ar·

430 3879 540 3930 niemur.
554 3873 627 3928 Nibil
641 3886 804 3926 mutemus.-
819 3875 915 3926 Bsnrn.
978 3873 1053 3941 givos
1069 3873 1205 3941 juvaret·
1230 3873 1304 3924 -aur
1324 3891 1392 3926 nece
1416 3873 1491 3924 factu

466 3957 528 4027 447.
540 3957 572 4010 V.
583 3975 604 4008 e.
616 3975 641 4028 q.
651 3975 670 4006 s.
681 3970 703 4004 e.
716 3963 734 4004 t.
744 3950 850 4022 altaque
859 3962 933 4004 tecta.
979 3951 1049 4018 luet,
1065 3970 1230 4024 numeroque
1248 3951 1365 4024 explebit
1378 3951 1492 4006 ademta

434 4037 568 4106 ..Optimae
588 4034 638 4086 ille
660 4044 686 4084 et
707 4030 832 4100 capitales
853 4051 934 4084 mem·
978 4031 1130 4102 Corpora.-

431 4118 519 4169 branre
533 4134 587 4166 non
601 4125 679 4179 tecto,
696 4110 741 4162 sed
755 4122 820 4162 tesca
837 4109 934 4164 diserte
1012 4113 1073 4180 451.
1102 4112 1239 4186 Iudaqiue.
1265 4114 1405 4182 Circuitu‚
1439 4115 1492 4166 cir·

431 4193 557 4246 hocloco
572 4191 680 4260 legunt,
698 4207 752 4260 quo
765 4203 847 4260 paeto
859 4191 934 4261 Papi-
978 4194 1129 4246 cumitione.
1144 4195 1204 4246 Vet.
1219 4191 1307 4248 Sobel.
1320 4193 1494 4250 Glossarium
