3196 5158
515 513 661 608 'mutu
684 543 767 608 vu.
1124 547 1162 616 σι

175 666 354 736 Nudabant
365 689 479 753 enses,
492 665 564 736 haec
575 667 687 750 flebit,
700 685 734 738 et
744 693 838 738 arma
850 673 1043 765 quiescent?

173 776 1092 868 Teneille,heudemens‚semelintramneniaclausum,
1117 797 1171 852 ⁵50

174 897 436 983 Possessumque
447 888 532 956 odiis
544 892 666 982 Argiva
677 891 712 956 in
724 907 833 960 castra
846 895 1011 961 remittet?

173 1005 255 1067 Ante
267 998 341 1067 haec
352 1023 494 1068 excusso
504 1000 696 1070 frondescet
706 999 822 1070 lancea
832 1003 939 1086 ferro,

176 1109 317 1178 inachus
329 1126 409 1178 ante
420 1127 526 1196 retro,
539 1128 720 1207 nosterque
732 1112 897 1182 Achelous
910 1113 1060 1184 abibunt

174 1223 236 1291 Sed
247 1226 328 1292 mite
340 1223 544 1320 alloquium,
558 1243 591 1293 et
603 1229 698 1294 saevis
711 1250 778 1318 pax
789 1229 952 1321 quaeritur
963 1232 1078 1311 armis,

175 1333 807 1429 llaecquoquecastrapatentznecdum
815 1338 1096 1404 merueretimeri.
1121 1349 1171 1404 ⁵⁵5

175 1449 223 1511 An
237 1460 415 1537 suspectus
427 1449 511 1537 ego?
522 1444 682 1530 abscedo,
696 1461 729 1516 et
741 1469 816 1514 mea
828 1443 969 1514 vulnera
980 1446 1080 1515 dono.

177 1559 295 1639 lutret,
309 1573 344 1624 et
354 1555 410 1625 hic
422 1559 564 1650 genitrix
576 1555 710 1638 eadem,
722 1556 908 1651 mediaeque
920 1579 1064 1626 sorores.

176 1667 278 1758 Finge
287 1682 402 1734 autem
413 1668 520 1760 pactis
533 1668 678 1734 evictum
690 1664 851 1735 excedere
861 1669 987 1759 regnis,
1177 1746 1179 1755 Ι

177 1779 304 1870 Nempe
315 1780 439 1845 iterum
450 1776 617 1847 reddent»
633 1783 761 1846 Rursus
774 1792 903 1846 munta
913 1776 1095 1846 trahuntur

167 2015 223 2088 549.
245 2018 400 2096 Hoecflelrit.
412 2019 454 2072 Ad
463 2019 543 2091 hujus
554 2019 631 2072 leeri-
675 2019 731 2072 lieri
743 2037 838 2090 posse,
850 2019 872 2070 si
886 2019 979 2070 iratres
995 2015 1100 2070 arbitris
1111 2035 1176 2088 pro-

137 2110 277 2170 ruespntas
290 2100 632 2172 omnesermapesiturosi
675 2101 783 2172 pinquis
807 2101 1012 2152 controversiam
1036 2096 1070 2149 de
1094 2115 1175 2168 regno

136 2173 187 2225 Vct.
201 2175 291 2228 Schol.
676 2175 859 2230 dissolverent.

87 2311 88 2316 η
167 2253 630 2308 550.Semelintramoerriaclausum.
713 2255 773 2308 555.
792 2255 1177 2327 Hoecquoqueeertmpetent,

137 2327 163 2380 ld
178 2345 231 2402 est,
249 2332 360 2386 tandem
379 2331 544 2404 aliqnando:
566 2332 632 2385 nihil
678 2345 726 2386 etc.
744 2333 904 2404 Respondit,
922 2349 1006 2387 caetra
1017 2336 1114 2405 Argiva
1129 2353 1178 2408 pa·

137 2412 198 2461 enirn
208 2413 294 2483 magis
304 2411 415 2483 optabat
424 2411 554 2466 Eteocles.
677 2427 747 2478 tere,
759 2413 872 2465 necdum
882 2415 1009 2468 meruisse
1022 2415 1122 2481 timeri,
1135 2414 1178 2466 ni·

167 2490 225 2544 551.
247 2494 444 2566 Posseesumqoe
455 2493 529 2545 odiis.
540 2492 570 2545 ld
580 2506 632 2559 est,
677 2491 713 2544 hil
731 2494 801 2545 enim
816 2491 903 2544 adhuc
918 2491 1012 2544 hostile
1025 2506 1177 2564 gesserant:
1213 2557 1216 2566 .

137 2568 329 2641 inpoteeutem
342 2570 460 2624 hostium
471 2585 578 2624 tuorum
591 2590 633 2623 re·
677 2589 705 2624 se
726 2590 787 2624 vero
808 2570 969 2638 abscedere,
991 2574 1013 2625 si
1034 2573 1179 2624 securitatis

136 2642 245 2702 ductum.
676 2650 792 2703 Eteoclis
805 2651 922 2718 intersit,
938 2663 968 2702 ut
984 2661 1075 2717 exeat,
1091 2667 1179 2702 suam-

168 2727 225 2781 ⁵52.
244 2729 318 2782 Ante
333 2729 388 2782 lsoec
405 2747 508 2783 excurro
521 2721 634 2801 fronde-
678 2747 731 2800 que
742 2730 865 2801 injuriam
876 2731 1018 2781 remittere.
1121 2749 1123 2752 ·

136 2820 180 2860 seer
191 2808 284 2864 lancea
293 2811 381 2883 serm,
393 2824 443 2863 etc.
456 2812 568 2864 lmitetie
581 2814 634 2863 llo·
714 2805 774 2862 556.
794 2809 830 2860 Et
842 2826 898 2860 mea
911 2805 1018 2860 maluere
1032 2807 1110 2861 dono.
1129 2809 1178 2859 Pro

136 2891 194 2941 meri
206 2889 283 2942 iliad.
299 2893 326 2958 1,
339 2891 408 2957 535,
425 2904 451 2942 et
466 2890 556 2960 virgil.
574 2891 632 2941 AEn.
677 2885 1179 2960 dorononnulliponoNid.Niclleint.

136 2963 178 3016 llll
186 3005 194 3032 ,
206 2985 270 3037 207,
283 2986 349 3041 quos
359 2969 486 3040 expressit
496 2969 574 3020 etiem
584 2970 635 3019 Va·
680 2966 713 3019 sd
728 2965 805 3019 Ovid.
818 2969 876 3018 Art.
889 2967 948 3016 Am.
960 2984 987 3036 p.
1001 2965 1062 3034 387.
1074 2967 1181 3016 -Mee

136 3042 208 3112 lerius
221 3047 336 3099 Flaccus
350 3048 396 3118 qui
409 3048 509 3118 Argon.
524 3048 571 3110 lll,
584 3063 634 3117 7⁰7
681 3044 788 3098 vulnera
804 3045 881 3097 dono.
897 3043 975 3094 Conl.
992 3042 1037 3094 sit.
1052 3042 1134 3094 ltalic.
1150 3043 1163 3094 l
1171 3079 1180 3110 ,

136 3139 161 3175 et
178 3145 251 3200 seqq.
274 3129 370 3178 «Hane
389 3145 455 3198 eqo,
475 3127 636 3196 magnanimi
680 3123 748 3194 487;
760 3123 836 3178 Ovid.
850 3141 880 3173 ex
890 3121 975 3171 Ponto
986 3121 1024 3186 ll,
1037 3137 1062 3188 7,
1073 3121 1179 3183 Sulis.

135 3205 636 3278 spolianidymaoois,hostem,Quae
680 3203 754 3266 Vlll,
772 3220 830 3272 cap.
846 3200 896 3261 35;
910 3201 1053 3252 Burmann.
1072 3199 1104 3252 ad
1122 3198 1180 3251 vat.

135 3301 217 3357 neque
224 3289 283 3357 jam
291 3285 408 3352 frondes,
416 3284 512 3336 virides
520 3301 569 3336 nee
578 3301 637 3354 pro·
681 3281 767 3333 Flacc.
781 3283 808 3346 l,
818 3279 887 3352 473,
900 3297 1020 3350 quosque
1033 3279 1132 3332 Drank.
1147 3277 1182 3330 ed

136 3361 197 3415 leret
209 3364 336 3431 umbras,
352 3367 388 3418 Ut
403 3364 484 3416 semel
495 3376 534 3416 est
548 3361 637 3414 evulsa
682 3359 707 3412 h.
719 3360 736 3412 l.
748 3363 845 3412 citavit.
858 3361 949 3414 Senec.
960 3358 1029 3412 OEd.
1045 3376 1118 3412 root.
1133 3360 1180 3410 Eo.

134 3442 217 3512 jugie,
240 3463 274 3496 ec
291 3456 375 3496 matre
394 3456 551 3515 perempte,
572 3441 637 3494 Fida
717 3441 778 3512 557.
798 3442 893 3507 Intret,
913 3451 937 3492 et
954 3439 995 3490 tte
1010 3439 1124 3510 penitrr'x
1139 3457 1183 3489 ea·

137 3524 295 3590 ministeria,
314 3538 339 3576 et
357 3524 438 3577 duras
456 3523 512 3576 obit
528 3521 636 3574 horrida
682 3525 748 3576 dem.
770 3523 854 3574 Intret
873 3532 900 3573 et
921 3520 972 3570 lure
993 3520 1072 3588 Laug.
1094 3523 1181 3572 Peter.

136 3621 251 3674 pugnes,
262 3605 369 3669 Testor,
383 3619 409 3657 et
420 3603 473 3657 hoc
484 3604 573 3669 omni,
586 3602 637 3654 du·
683 3601 786 3654 Behott.
801 3617 824 3668 1,
837 3618 865 3664 2,
877 3599 998 3670 plerique
1010 3611 1036 3649 et
1047 3596 1107 3649 edd.
1119 3610 1181 3650 vett.

138 3694 199 3749 etur,
213 3683 263 3736 tibi
279 3685 388 3736 nurnine
400 3683 484 3736 firmo.
496 3707 507 3730 ι
523 3681 575 3734 Ubi
584 3680 637 3733 vid.
682 3711 717 3724 ·-
731 3680 835 3733 Medire.
851 3679 1010 3750 sequestra,
1024 3677 1135 3728 arbitrie.

138 3774 189 3815 not.
203 3777 274 3816 nost.
289 3761 352 3816 edit.
364 3777 428 3815 tom.
439 3765 465 3827 l,
476 3782 503 3834 p.
519 3761 578 3814 232.
591 3763 638 3812 Eu.
721 3755 780 3813 558.
800 3759 882 3828 Finge
899 3769 985 3810 aurem
1003 3756 1095 3827 pactis.
1109 3759 1184 3808 Uter·

170 3841 229 3894 553.
235 3843 382 3913 Nosterque
388 3839 518 3894 Achelous
525 3840 639 3892 abibunt.
686 3857 735 3910 que
745 3835 837 3890 Behot.
848 3837 929 3911 diripe
938 3833 1014 3886 illum
1023 3836 1114 3906 pactis.

139 3921 265 3975 Achelous
283 3922 372 3974 Atthis
387 3909 446 3972 Put.
458 3951 494 3961 —
509 3923 584 3972 lianc
601 3916 640 3970 le·
721 3917 780 3986 559.
800 3919 901 3987 Nempe
915 3916 1008 3967 itemm
1027 3915 1120 3967 reddes.
1140 3917 1185 3967 lie·

137 4001 250 4054 ctionem
264 3999 468 4072 lieg.Bhabet,
482 3999 641 4070 Reg.Cno-
685 3997 751 4047 etius
776 3993 877 4046 reddet.
902 3995 963 4044 Nou
988 3994 1057 4044 euim
1080 3991 1184 4064 Tydeus

137 4090 224 4131 stram.
244 4081 294 4132 En.
682 4070 1185 4146 justepersusderepotuissetPolynici,

170 4157 231 4228 554.
251 4159 307 4212 Sed
320 4159 384 4212 mite
394 4157 551 4233 alloquium.
565 4155 642 4226 obji-
687 4167 717 4205 ut
729 4155 854 4206 retineret
865 4168 994 4224 regnum,
1009 4151 1032 4200 si
1048 4147 1127 4202 semel
1138 4146 1184 4198 illo

139 4237 172 4288 eit
184 4237 234 4291 sibi
249 4237 358 4310 Tydeus
372 4257 465 4310 pacem
479 4237 530 4291 hsc
542 4237 644 4290 ratione
687 4233 829 4306 potiretur,
840 4227 971 4284 manendo
981 4229 1078 4302 pertis,
1088 4225 1121 4278 de
1131 4226 1187 4297 qui-
