<?xml version="1.0" encoding="UTF-8"?>
<!DOCTYPE html PUBLIC "-//W3C//DTD XHTML 1.0 Transitional//EN"
    "http://www.w3.org/TR/xhtml1/DTD/xhtml1-transitional.dtd">
<html xmlns="http://www.w3.org/1999/xhtml" xml:lang="en" lang="en">
 <head>
  <title>
</title>
<meta http-equiv="Content-Type" content="text/html;charset=utf-8" />
  <meta name='ocr-system' content='tesseract 3.04.00' />
  <meta name='ocr-capabilities' content='ocr_page ocr_carea ocr_par ocr_line ocrx_word'/>
</head>
<body>
  <div class='ocr_page' id='page_1' title='image "./libriquinquesil00statgoog_0197.png"; bbox 0 0 3264 5166; ppageno 0'>
   <div class='ocr_carea' id='block_1_1' title="bbox 349 503 1162 576">
    <p class='ocr_par' dir='ltr' id='par_1_1' title="bbox 349 503 1162 576">
     <span class='ocr_line' id='line_1_1' title="bbox 349 503 1162 576; baseline -0.001 -1"><span class='ocrx_word' id='word_1_1' title='bbox 349 507 411 576; x_wconf 80' lang='grc'><strong>188</strong></span> <span class='ocrx_word' id='word_1_2' title='bbox 581 507 617 572; x_wconf 90' lang='lat' dir='ltr'><strong>P.</strong></span> <span class='ocrx_word' id='word_1_3' title='bbox 641 507 678 571; x_wconf 91' lang='lat' dir='ltr'><strong>P.</strong></span> <span class='ocrx_word' id='word_1_4' title='bbox 704 505 860 574; x_wconf 79' lang='lat' dir='ltr'><strong>STdTll</strong></span> <span class='ocrx_word' id='word_1_5' title='bbox 884 503 1162 574; x_wconf 80' lang='lat' dir='ltr'>THEBAIDOS</span> 
     </span>
    </p>
   </div>
   <div class='ocr_carea' id='block_1_2' title="bbox 390 633 1407 1736">
    <p class='ocr_par' dir='ltr' id='par_1_2' title="bbox 390 633 1288 840">
     <span class='ocr_line' id='line_1_2' title="bbox 390 633 1288 730; baseline -0.004 -24"><span class='ocrx_word' id='word_1_6' title='bbox 390 634 560 706; x_wconf 86' lang='lat' dir='ltr'><strong>Seditioue</strong></span> <span class='ocrx_word' id='word_1_7' title='bbox 570 635 690 718; x_wconf 80' lang='lat' dir='ltr'><strong>meris,</strong></span> <span class='ocrx_word' id='word_1_8' title='bbox 703 636 931 730; x_wconf 78' lang='lat' dir='ltr'><strong>nequicquam</strong></span> <span class='ocrx_word' id='word_1_9' title='bbox 941 633 1098 704; x_wconf 82' lang='lat' dir='ltr'><strong>obstante</strong></span> <span class='ocrx_word' id='word_1_10' title='bbox 1109 635 1288 728; x_wconf 73' lang='lat' dir='ltr'><strong>magistro,</strong></span> 
     </span>
     <span class='ocr_line' id='line_1_3' title="bbox 390 744 1081 840; baseline -0.001 -25"><span class='ocrx_word' id='word_1_11' title='bbox 390 753 504 824; x_wconf 78' lang='lat' dir='ltr'><strong>Erret.</strong></span> <span class='ocrx_word' id='word_1_12' title='bbox 517 761 552 816; x_wconf 89' lang='lat' dir='ltr'><strong>et</strong></span> <span class='ocrx_word' id='word_1_13' title='bbox 562 769 683 816; x_wconf 79' lang='lat' dir='ltr'><strong>averso</strong></span> <span class='ocrx_word' id='word_1_14' title='bbox 693 745 783 816; x_wconf 88' lang='lat' dir='ltr'><strong>redit</strong></span> <span class='ocrx_word' id='word_1_15' title='bbox 793 749 830 816; x_wconf 90' lang='lat' dir='ltr'><strong>in</strong></span> <span class='ocrx_word' id='word_1_16' title='bbox 841 747 983 840; x_wconf 78' lang='lat' dir='ltr'><strong>vestigio</strong></span> <span class='ocrx_word' id='word_1_17' title='bbox 993 744 1081 816; x_wconf 86' lang='lat' dir='ltr'><strong>velo.</strong></span> 
     </span>
    </p>

    <p class='ocr_par' dir='ltr' id='par_1_3' title="bbox 392 855 1407 1736">
     <span class='ocr_line' id='line_1_4' title="bbox 437 855 1186 952; baseline 0.003 -28"><span class='ocrx_word' id='word_1_18' title='bbox 437 856 728 928; x_wconf 82' lang='lat' dir='ltr'><strong>NonibiSidoniae</strong></span> <span class='ocrx_word' id='word_1_19' title='bbox 740 856 926 928; x_wconf 79' lang='lat' dir='ltr'><strong>voluissent</strong></span> <span class='ocrx_word' id='word_1_20' title='bbox 937 855 1064 950; x_wconf 86' lang='lat' dir='ltr'><strong>pellere</strong></span> <span class='ocrx_word' id='word_1_21' title='bbox 1074 872 1186 952; x_wconf 83' lang='lat' dir='ltr'><strong>ooepto</strong></span> 
     </span>
     <span class='ocr_line' id='line_1_5' title="bbox 393 967 1360 1064; baseline -0.001 -26"><span class='ocrx_word' id='word_1_22' title='bbox 393 967 666 1064; x_wconf 79' lang='lat' dir='ltr'>Hippomedonta</span> <span class='ocrx_word' id='word_1_23' title='bbox 677 992 801 1040; x_wconf 78' lang='lat' dir='ltr'><strong>munus</strong></span> <span class='ocrx_word' id='word_1_24' title='bbox 813 996 821 1037; x_wconf 90' lang='lat'>:</span> <span class='ocrx_word' id='word_1_25' title='bbox 834 994 906 1040; x_wconf 91' lang='lat' dir='ltr'><strong>non</strong></span> <span class='ocrx_word' id='word_1_26' title='bbox 916 969 1013 1038; x_wconf 89' lang='lat' dir='ltr'><strong>illum</strong></span> <span class='ocrx_word' id='word_1_27' title='bbox 1024 973 1172 1064; x_wconf 81' lang='lat' dir='ltr'><strong>impnntn</strong></span> <span class='ocrx_word' id='word_1_28' title='bbox 1182 983 1360 1038; x_wconf 87' lang='lat' dir='ltr'><strong>moverent</strong></span> 
     </span>
     <span class='ocr_line' id='line_1_6' title="bbox 392 1079 1403 1178; baseline -0.003 -29"><span class='ocrx_word' id='word_1_29' title='bbox 392 1079 1225 1178; x_wconf 72' lang='lat' dir='ltr'><strong>Tormeutnoppooitum,formidetiqueeuperbio</strong></span> <span class='ocrx_word' id='word_1_30' title='bbox 1354 1092 1403 1161; x_wconf 75' lang='grc'><strong>146</strong></span> 
     </span>
     <span class='ocr_line' id='line_1_7' title="bbox 392 1191 1238 1287; baseline -0.001 -23"><span class='ocrx_word' id='word_1_31' title='bbox 392 1191 561 1264; x_wconf 76' lang='lat' dir='ltr'><strong>&#39;furribue</strong></span> <span class='ocrx_word' id='word_1_32' title='bbox 573 1193 743 1287; x_wconf 76' lang='lat' dir='ltr'><strong>impulsus</strong></span> <span class='ocrx_word' id='word_1_33' title='bbox 755 1209 885 1269; x_wconf 78' lang='lat' dir='ltr'><strong>tentato</strong></span> <span class='ocrx_word' id='word_1_34' title='bbox 897 1193 1049 1264; x_wconf 85' lang='lat' dir='ltr'><strong>umbone</strong></span> <span class='ocrx_word' id='word_1_35' title='bbox 1059 1193 1238 1264; x_wconf 74' lang='lat' dir='ltr'><strong>redissem.</strong></span> 
     </span>
     <span class='ocr_line' id='line_1_8' title="bbox 395 1301 1194 1401; baseline 0.003 -29"><span class='ocrx_word' id='word_1_36' title='bbox 395 1301 459 1372; x_wconf 91' lang='lat' dir='ltr'><strong>Sed</strong></span> <span class='ocrx_word' id='word_1_37' title='bbox 471 1326 603 1372; x_wconf 88' lang='lat' dir='ltr'><strong>memor</strong></span> <span class='ocrx_word' id='word_1_38' title='bbox 614 1303 721 1398; x_wconf 73' lang='lat' dir='ltr'><strong>Elysii</strong></span> <span class='ocrx_word' id='word_1_39' title='bbox 732 1307 1027 1401; x_wconf 73' lang='lat' dir='ltr'><strong>regis‚noxosque</strong></span> <span class='ocrx_word' id='word_1_40' title='bbox 1037 1322 1194 1375; x_wconf 77' lang='lat' dir='ltr'><strong>retexens</strong></span> 
     </span>
     <span class='ocr_line' id='line_1_9' title="bbox 395 1413 1197 1512; baseline 0.006 -31"><span class='ocrx_word' id='word_1_41' title='bbox 395 1413 549 1508; x_wconf 75' lang='lat' dir='ltr'><strong>Tydeos,</strong></span> <span class='ocrx_word' id='word_1_42' title='bbox 561 1415 740 1488; x_wconf 80' lang='lat' dir='ltr'><strong>inmedioe</strong></span> <span class='ocrx_word' id='word_1_43' title='bbox 750 1434 829 1486; x_wconf 81' lang='lat' dir='ltr'><strong>netu</strong></span> <span class='ocrx_word' id='word_1_44' title='bbox 840 1417 931 1487; x_wconf 82' lang='lat' dir='ltr'>subit</span> <span class='ocrx_word' id='word_1_45' title='bbox 942 1419 1045 1512; x_wconf 81' lang='lat' dir='ltr'><strong>impin</strong></span> <span class='ocrx_word' id='word_1_46' title='bbox 1058 1440 1197 1511; x_wconf 78' lang='lat' dir='ltr'><strong>campos</strong></span> 
     </span>
     <span class='ocr_line' id='line_1_10' title="bbox 395 1524 1407 1624; baseline -0.004 -31"><span class='ocrx_word' id='word_1_47' title='bbox 395 1524 602 1618; x_wconf 88' lang='lat' dir='ltr'><strong>Tisiphone:</strong></span> <span class='ocrx_word' id='word_1_48' title='bbox 616 1551 753 1598; x_wconf 77' lang='lat' dir='ltr'><strong>sensere</strong></span> <span class='ocrx_word' id='word_1_49' title='bbox 764 1529 870 1613; x_wconf 85' lang='lat' dir='ltr'><strong>acies,</strong></span> <span class='ocrx_word' id='word_1_50' title='bbox 884 1527 1084 1624; x_wconf 76' lang='lat' dir='ltr'><strong>subitusque</strong></span> <span class='ocrx_word' id='word_1_51' title='bbox 1096 1528 1248 1597; x_wconf 83' lang='lat' dir='ltr'><strong>cucurrit</strong></span> <span class='ocrx_word' id='word_1_52' title='bbox 1358 1537 1407 1590; x_wconf 81' lang='lat'><strong>150</strong></span> 
     </span>
     <span class='ocr_line' id='line_1_11' title="bbox 397 1633 1366 1736; baseline -0.002 -31"><span class='ocrx_word' id='word_1_53' title='bbox 397 1633 506 1705; x_wconf 85' lang='lat' dir='ltr'><strong>Sudor</strong></span> <span class='ocrx_word' id='word_1_54' title='bbox 518 1641 633 1734; x_wconf 82' lang='lat' dir='ltr'><strong>equis,</strong></span> <span class='ocrx_word' id='word_1_55' title='bbox 646 1637 819 1736; x_wconf 81' lang='lat' dir='ltr'><strong>sudorque</strong></span> <span class='ocrx_word' id='word_1_56' title='bbox 831 1642 929 1709; x_wconf 86' lang='lat' dir='ltr'><strong>viris:</strong></span> <span class='ocrx_word' id='word_1_57' title='bbox 944 1663 1141 1736; x_wconf 80' lang='lat' dir='ltr'><strong>quanquam</strong></span> <span class='ocrx_word' id='word_1_58' title='bbox 1152 1662 1212 1708; x_wconf 84' lang='lat' dir='ltr'><strong>ore</strong></span> <span class='ocrx_word' id='word_1_59' title='bbox 1223 1637 1366 1706; x_wconf 89' lang='lat' dir='ltr'><strong>remisso</strong></span> 
     </span>
    </p>
   </div>
   <div class='ocr_carea' id='block_1_3' title="bbox 351 1839 1426 4304">
    <p class='ocr_par' dir='ltr' id='par_1_4' title="bbox 351 1839 1426 4304">
     <span class='ocr_line' id='line_1_12' title="bbox 351 1839 1409 1916; baseline -0.004 -23"><span class='ocrx_word' id='word_1_60' title='bbox 351 1841 444 1894; x_wconf 84' lang='lat' dir='ltr'><strong>datum</strong></span> <span class='ocrx_word' id='word_1_61' title='bbox 450 1841 534 1894; x_wconf 81' lang='lat' dir='ltr'><strong>voluit</strong></span> <span class='ocrx_word' id='word_1_62' title='bbox 544 1843 559 1893; x_wconf 86' lang='lat' dir='ltr'>J</span> <span class='ocrx_word' id='word_1_63' title='bbox 562 1853 663 1896; x_wconf 83' lang='lat' dir='ltr'><strong>oonnee</strong></span> <span class='ocrx_word' id='word_1_64' title='bbox 672 1844 813 1898; x_wconf 74' lang='lat' dir='ltr'><strong>levineiun</strong></span> <span class='ocrx_word' id='word_1_65' title='bbox 823 1842 859 1898; x_wconf 81' lang='lat' dir='ltr'><strong>ad</strong></span> <span class='ocrx_word' id='word_1_66' title='bbox 903 1842 966 1896; x_wconf 87' lang='lat' dir='ltr'><strong>huic</strong></span> <span class='ocrx_word' id='word_1_67' title='bbox 975 1861 1030 1894; x_wconf 90' lang='lat' dir='ltr'><strong>non</strong></span> <span class='ocrx_word' id='word_1_68' title='bbox 1037 1841 1161 1913; x_wconf 75' lang='lat' dir='ltr'><strong>congruit</strong></span> <span class='ocrx_word' id='word_1_69' title='bbox 1168 1839 1279 1916; x_wconf 72' lang='lat' dir='ltr'><strong>verbum</strong></span> <span class='ocrx_word' id='word_1_70' title='bbox 1289 1847 1409 1905; x_wconf 69' lang='lat' dir='ltr'><strong>munere,</strong></span> 
     </span>
     <span class='ocr_line' id='line_1_13' title="bbox 352 1919 1411 1994; baseline -0.007 -20"><span class='ocrx_word' id='word_1_71' title='bbox 352 1924 473 1994; x_wconf 83' lang='lat' dir='ltr'><strong>Propert.</strong></span> <span class='ocrx_word' id='word_1_72' title='bbox 488 1921 533 1987; x_wconf 86' lang='lat' dir='ltr'><strong>IV,</strong></span> <span class='ocrx_word' id='word_1_73' title='bbox 549 1939 590 1974; x_wconf 86' lang='lat' dir='ltr'><strong>ro.</strong></span> <span class='ocrx_word' id='word_1_74' title='bbox 904 1920 978 1994; x_wconf 90' lang='lat' dir='ltr'><strong>quod</strong></span> <span class='ocrx_word' id='word_1_75' title='bbox 993 1933 1033 1973; x_wconf 78' lang='lat' dir='ltr'><strong>eet</strong></span> <span class='ocrx_word' id='word_1_76' title='bbox 1046 1919 1206 1983; x_wconf 78' lang='lat' dir='ltr'><strong>dissolvere,</strong></span> <span class='ocrx_word' id='word_1_77' title='bbox 1224 1919 1354 1971; x_wconf 80' lang='lat' dir='ltr'><strong>infectum</strong></span> <span class='ocrx_word' id='word_1_78' title='bbox 1369 1929 1411 1968; x_wconf 84' lang='lat' dir='ltr'><strong>at-</strong></span> 
     </span>
     <span class='ocr_line' id='line_1_14' title="bbox 391 1998 1410 2074; baseline -0.004 -21"><span class='ocrx_word' id='word_1_79' title='bbox 391 2001 450 2068; x_wconf 85' lang='grc'>143.</span> <span class='ocrx_word' id='word_1_80' title='bbox 461 2001 554 2066; x_wconf 82' lang='lat' dir='ltr'><strong>Errat,</strong></span> <span class='ocrx_word' id='word_1_81' title='bbox 567 2013 592 2054; x_wconf 84' lang='lat' dir='ltr'><strong>et</strong></span> <span class='ocrx_word' id='word_1_82' title='bbox 603 2019 691 2055; x_wconf 78' lang='lat' dir='ltr'><strong>eveno</strong></span> <span class='ocrx_word' id='word_1_83' title='bbox 702 2003 767 2056; x_wconf 82' lang='lat' dir='ltr'><strong>redit</strong></span> <span class='ocrx_word' id='word_1_84' title='bbox 778 2004 803 2054; x_wconf 83' lang='lat' dir='ltr'><strong>in</strong></span> <span class='ocrx_word' id='word_1_85' title='bbox 815 2023 859 2056; x_wconf 84' lang='lat' dir='ltr'><strong>ve-</strong></span> <span class='ocrx_word' id='word_1_86' title='bbox 905 2021 957 2074; x_wconf 89' lang='lat' dir='ltr'><strong>que</strong></span> <span class='ocrx_word' id='word_1_87' title='bbox 965 2003 1069 2053; x_wconf 84' lang='lat' dir='ltr'><strong>irritum</strong></span> <span class='ocrx_word' id='word_1_88' title='bbox 1077 2000 1300 2052; x_wconf 77' lang='lat' dir='ltr'><strong>redderelloret.</strong></span> <span class='ocrx_word' id='word_1_89' title='bbox 1310 1999 1346 2064; x_wconf 85' lang='lat' dir='ltr'><strong>ll,</strong></span> <span class='ocrx_word' id='word_1_90' title='bbox 1356 1998 1410 2050; x_wconf 75' lang='lat' dir='ltr'><strong>Set.</strong></span> 
     </span>
     <span class='ocr_line' id='line_1_15' title="bbox 352 2079 1412 2154; baseline -0.004 -20"><span class='ocrx_word' id='word_1_91' title='bbox 352 2081 428 2154; x_wconf 77' lang='lat' dir='ltr'><strong>etiqia</strong></span> <span class='ocrx_word' id='word_1_92' title='bbox 440 2079 507 2134; x_wconf 86' lang='lat' dir='ltr'><strong>velo.</strong></span> <span class='ocrx_word' id='word_1_93' title='bbox 519 2079 599 2134; x_wconf 80' lang='lat' dir='ltr'><strong>Erret</strong></span> <span class='ocrx_word' id='word_1_94' title='bbox 612 2093 639 2134; x_wconf 86' lang='lat' dir='ltr'><strong>et</strong></span> <span class='ocrx_word' id='word_1_95' title='bbox 651 2081 757 2154; x_wconf 72' lang='lat' dir='ltr'><strong>qdeerso</strong></span> <span class='ocrx_word' id='word_1_96' title='bbox 769 2085 858 2136; x_wconf 81' lang='lat' dir='ltr'><strong>Petov.</strong></span> <span class='ocrx_word' id='word_1_97' title='bbox 905 2083 937 2148; x_wconf 80' lang='lat'><strong>3,</strong></span> <span class='ocrx_word' id='word_1_98' title='bbox 953 2099 986 2133; x_wconf 82' lang='lat' dir='ltr'><strong>n:</strong></span> <span class='ocrx_word' id='word_1_99' title='bbox 1008 2081 1192 2152; x_wconf 66' lang='lat' dir='ltr'><strong>«scriptorum</strong></span> <span class='ocrx_word' id='word_1_100' title='bbox 1209 2095 1323 2152; x_wconf 73' lang='lat' dir='ltr'><strong>quaeque</strong></span> <span class='ocrx_word' id='word_1_101' title='bbox 1341 2089 1412 2130; x_wconf 87' lang='lat' dir='ltr'><strong>rete-</strong></span> 
     </span>
     <span class='ocr_line' id='line_1_16' title="bbox 354 2158 1412 2232; baseline -0.002 -20"><span class='ocrx_word' id='word_1_102' title='bbox 354 2161 457 2213; x_wconf 76' lang='lat' dir='ltr'><strong>llehott.</strong></span> <span class='ocrx_word' id='word_1_103' title='bbox 470 2179 500 2228; x_wconf 82' lang='lat' dir='ltr'><strong>o,</strong></span> <span class='ocrx_word' id='word_1_104' title='bbox 516 2178 548 2226; x_wconf 83' lang='lat' dir='ltr'><strong>n,</strong></span> <span class='ocrx_word' id='word_1_105' title='bbox 564 2158 644 2213; x_wconf 81' lang='lat' dir='ltr'><strong>Aldd.</strong></span> <span class='ocrx_word' id='word_1_106' title='bbox 659 2161 781 2216; x_wconf 84' lang='lat' dir='ltr'><strong>nonnulli</strong></span> <span class='ocrx_word' id='word_1_107' title='bbox 794 2163 859 2214; x_wconf 76' lang='lat' dir='ltr'><strong>[dn-</strong></span> <span class='ocrx_word' id='word_1_108' title='bbox 904 2179 978 2216; x_wconf 77' lang='lat' dir='ltr'><strong>xeno.</strong></span> <span class='ocrx_word' id='word_1_109' title='bbox 990 2183 1001 2208; x_wconf 86' lang='grc' dir='ltr'>ι</span> <span class='ocrx_word' id='word_1_110' title='bbox 1015 2159 1116 2214; x_wconf 82' lang='lat' dir='ltr'>Seneca</span> <span class='ocrx_word' id='word_1_111' title='bbox 1127 2161 1211 2232; x_wconf 68' lang='lat' dir='ltr'><strong>Epist.</strong></span> <span class='ocrx_word' id='word_1_112' title='bbox 1223 2159 1259 2230; x_wconf 82' lang='grc'><strong>94</strong></span> <span class='ocrx_word' id='word_1_113' title='bbox 1271 2181 1277 2210; x_wconf 86' lang='lat'><em>=</em></span> <span class='ocrx_word' id='word_1_114' title='bbox 1293 2158 1412 2212; x_wconf 74' lang='lat' dir='ltr'><strong>«Omnin</strong></span> 
     </span>
     <span class='ocr_line' id='line_1_17' title="bbox 353 2238 1413 2313; baseline -0.002 -21"><span class='ocrx_word' id='word_1_115' title='bbox 353 2239 483 2310; x_wconf 72' lang='lat' dir='ltr'><strong>denbroq.</strong></span> <span class='ocrx_word' id='word_1_116' title='bbox 501 2254 528 2296; x_wconf 89' lang='lat' dir='ltr'><strong>et</strong></span> <span class='ocrx_word' id='word_1_117' title='bbox 545 2239 625 2294; x_wconf 84' lang='lat' dir='ltr'><strong>Creo.</strong></span> <span class='ocrx_word' id='word_1_118' title='bbox 641 2241 722 2294; x_wconf 79' lang='lat' dir='ltr'><strong>Errat</strong></span> <span class='ocrx_word' id='word_1_119' title='bbox 734 2253 761 2295; x_wconf 89' lang='lat' dir='ltr'><strong>et</strong></span> <span class='ocrx_word' id='word_1_120' title='bbox 771 2261 860 2296; x_wconf 81' lang='lat' dir='ltr'><strong>averso</strong></span> <span class='ocrx_word' id='word_1_121' title='bbox 905 2244 955 2294; x_wconf 74' lang='lat' dir='ltr'><strong>iota</strong></span> <span class='ocrx_word' id='word_1_122' title='bbox 965 2238 1101 2313; x_wconf 77' lang='lat' dir='ltr'><strong>exemplo,</strong></span> <span class='ocrx_word' id='word_1_123' title='bbox 1113 2257 1171 2312; x_wconf 78' lang='lat' dir='ltr'><strong>que</strong></span> <span class='ocrx_word' id='word_1_124' title='bbox 1181 2238 1266 2292; x_wconf 73' lang='lat' dir='ltr'><strong>oculis</strong></span> <span class='ocrx_word' id='word_1_125' title='bbox 1276 2251 1356 2311; x_wconf 80' lang='lat' dir='ltr'><strong>etque</strong></span> <span class='ocrx_word' id='word_1_126' title='bbox 1366 2255 1413 2288; x_wconf 77' lang='lat' dir='ltr'><strong>eu·</strong></span> 
     </span>
     <span class='ocr_line' id='line_1_18' title="bbox 354 2316 1415 2394; baseline -0.002 -22"><span class='ocrx_word' id='word_1_127' title='bbox 354 2319 513 2392; x_wconf 76' lang='lat' dir='ltr'><strong>Dnn.Lnnq.</strong></span> <span class='ocrx_word' id='word_1_128' title='bbox 521 2319 620 2374; x_wconf 80' lang='lat' dir='ltr'><strong>Buolid.</strong></span> <span class='ocrx_word' id='word_1_129' title='bbox 628 2321 746 2394; x_wconf 71' lang='lat' dir='ltr'><strong>lipsien.</strong></span> <span class='ocrx_word' id='word_1_130' title='bbox 754 2325 861 2392; x_wconf 83' lang='lat' dir='ltr'><strong>optimae</strong></span> <span class='ocrx_word' id='word_1_131' title='bbox 905 2321 978 2374; x_wconf 86' lang='lat' dir='ltr'><strong>ribus</strong></span> <span class='ocrx_word' id='word_1_132' title='bbox 986 2321 1084 2372; x_wconf 77' lang='lat' dir='ltr'><strong>uostris</strong></span> <span class='ocrx_word' id='word_1_133' title='bbox 1094 2321 1261 2390; x_wconf 76' lang='lat' dir='ltr'><strong>ingeruntur,</strong></span> <span class='ocrx_word' id='word_1_134' title='bbox 1269 2316 1415 2372; x_wconf 77' lang='lat' dir='ltr'><strong>retexenda</strong></span> 
     </span>
     <span class='ocr_line' id='line_1_19' title="bbox 355 2396 1414 2471; baseline -0.002 -21"><span class='ocrx_word' id='word_1_135' title='bbox 355 2396 453 2450; x_wconf 76' lang='lat' dir='ltr'><strong>barthii</strong></span> <span class='ocrx_word' id='word_1_136' title='bbox 471 2397 648 2466; x_wconf 74' lang='lat' dir='ltr'><strong>membranae,</strong></span> <span class='ocrx_word' id='word_1_137' title='bbox 661 2402 765 2454; x_wconf 79' lang='lat' dir='ltr'><strong>Venett.</strong></span> <span class='ocrx_word' id='word_1_138' title='bbox 781 2401 863 2454; x_wconf 78' lang='lat' dir='ltr'><strong>Gree-</strong></span> <span class='ocrx_word' id='word_1_139' title='bbox 907 2414 983 2466; x_wconf 78' lang='lat' dir='ltr'><strong>eunt,</strong></span> <span class='ocrx_word' id='word_1_140' title='bbox 995 2411 1022 2452; x_wconf 90' lang='lat' dir='ltr'><strong>et</strong></span> <span class='ocrx_word' id='word_1_141' title='bbox 1032 2398 1143 2471; x_wconf 87' lang='lat' dir='ltr'><strong>plenum</strong></span> <span class='ocrx_word' id='word_1_142' title='bbox 1156 2399 1233 2452; x_wconf 82' lang='lat' dir='ltr'><strong>molis</strong></span> <span class='ocrx_word' id='word_1_143' title='bbox 1246 2396 1414 2452; x_wconf 71' lang='lat' dir='ltr'><strong>sermonibus</strong></span> 
     </span>
     <span class='ocr_line' id='line_1_20' title="bbox 356 2476 1414 2552; baseline -0.006 -18"><span class='ocrx_word' id='word_1_144' title='bbox 356 2497 407 2534; x_wconf 78' lang='lat' dir='ltr'><strong>ter.</strong></span> <span class='ocrx_word' id='word_1_145' title='bbox 422 2478 532 2532; x_wconf 79' lang='lat' dir='ltr'><strong>Amttel.</strong></span> <span class='ocrx_word' id='word_1_146' title='bbox 546 2480 664 2536; x_wconf 80' lang='lat' dir='ltr'><strong>Gronov.</strong></span> <span class='ocrx_word' id='word_1_147' title='bbox 682 2481 820 2536; x_wconf 84' lang='lat' dir='ltr'><strong>Berthien.</strong></span> <span class='ocrx_word' id='word_1_148' title='bbox 836 2495 863 2534; x_wconf 86' lang='lat' dir='ltr'><strong>et</strong></span> <span class='ocrx_word' id='word_1_149' title='bbox 906 2493 1001 2552; x_wconf 70' lang='lat' dir='ltr'><strong>peetus</strong></span> <span class='ocrx_word' id='word_1_150' title='bbox 1015 2476 1259 2542; x_wconf 68' lang='lat' dir='ltr'><strong>exhauriendum·</strong></span> <span class='ocrx_word' id='word_1_151' title='bbox 1275 2478 1355 2530; x_wconf 82' lang='lat' dir='ltr'><strong>Foret</strong></span> <span class='ocrx_word' id='word_1_152' title='bbox 1366 2477 1414 2548; x_wconf 69' lang='lat' dir='ltr'><strong>igi-</strong></span> 
     </span>
     <span class='ocr_line' id='line_1_21' title="bbox 355 2555 1416 2631; baseline -0.002 -23"><span class='ocrx_word' id='word_1_153' title='bbox 355 2555 454 2630; x_wconf 88' lang='lat' dir='ltr'><strong>Delph.</strong></span> <span class='ocrx_word' id='word_1_154' title='bbox 468 2585 501 2600; x_wconf 91' lang='lat'><em>-</em></span> <span class='ocrx_word' id='word_1_155' title='bbox 513 2559 578 2630; x_wconf 75' lang='lat' dir='ltr'><strong>lleq.</strong></span> <span class='ocrx_word' id='word_1_156' title='bbox 597 2563 631 2626; x_wconf 84' lang='grc' dir='ltr'><strong>Β,</strong></span> <span class='ocrx_word' id='word_1_157' title='bbox 647 2579 735 2615; x_wconf 77' lang='lat' dir='ltr'><strong>avenn</strong></span> <span class='ocrx_word' id='word_1_158' title='bbox 750 2581 770 2613; x_wconf 84' lang='lat' dir='ltr'><strong>r.</strong></span> <span class='ocrx_word' id='word_1_159' title='bbox 791 2562 819 2614; x_wconf 81' lang='lat' dir='ltr'><strong>in</strong></span> <span class='ocrx_word' id='word_1_160' title='bbox 839 2582 863 2614; x_wconf 84' lang='lat' dir='ltr'><strong>n.</strong></span> <span class='ocrx_word' id='word_1_161' title='bbox 910 2558 1168 2631; x_wconf 78' lang='lat' dir='ltr'><strong>tnrpotius‚dolene</strong></span> <span class='ocrx_word' id='word_1_162' title='bbox 1178 2577 1210 2611; x_wconf 83' lang='lat' dir='ltr'><strong>ex</strong></span> <span class='ocrx_word' id='word_1_163' title='bbox 1219 2559 1416 2628; x_wconf 78' lang='lat' dir='ltr'><strong>enimo‚qnam</strong></span> 
     </span>
     <span class='ocr_line' id='line_1_22' title="bbox 357 2635 1417 2710; baseline -0.004 -20"><span class='ocrx_word' id='word_1_164' title='bbox 357 2636 410 2692; x_wconf 84' lang='lat' dir='ltr'><strong>telo</strong></span> <span class='ocrx_word' id='word_1_165' title='bbox 423 2635 505 2690; x_wconf 84' lang='lat' dir='ltr'>habet</span> <span class='ocrx_word' id='word_1_166' title='bbox 513 2658 521 2700; x_wconf 72' lang='lat'>5</span> <span class='ocrx_word' id='word_1_167' title='bbox 534 2641 598 2710; x_wconf 68' lang='lat' dir='ltr'><strong>neg.</strong></span> <span class='ocrx_word' id='word_1_168' title='bbox 612 2639 633 2692; x_wconf 87' lang='lat' dir='ltr'><strong>G</strong></span> <span class='ocrx_word' id='word_1_169' title='bbox 648 2653 717 2694; x_wconf 84' lang='lat' dir='ltr'><strong>noet.</strong></span> <span class='ocrx_word' id='word_1_170' title='bbox 734 2641 799 2694; x_wconf 86' lang='lat' dir='ltr'><strong>lect.</strong></span> <span class='ocrx_word' id='word_1_171' title='bbox 816 2643 864 2696; x_wconf 84' lang='lat' dir='ltr'><strong>En.</strong></span> <span class='ocrx_word' id='word_1_172' title='bbox 910 2642 937 2692; x_wconf 90' lang='lat' dir='ltr'><strong>in</strong></span> <span class='ocrx_word' id='word_1_173' title='bbox 950 2658 982 2691; x_wconf 92' lang='lat' dir='ltr'><strong>eo</strong></span> <span class='ocrx_word' id='word_1_174' title='bbox 993 2641 1121 2693; x_wconf 74' lang='lat' dir='ltr'><strong>retinens.</strong></span> <span class='ocrx_word' id='word_1_175' title='bbox 1135 2639 1206 2708; x_wconf 79' lang='lat' dir='ltr'><strong>Ergo</strong></span> <span class='ocrx_word' id='word_1_176' title='bbox 1218 2636 1321 2702; x_wconf 79' lang='lat' dir='ltr'><strong>valeat,</strong></span> <span class='ocrx_word' id='word_1_177' title='bbox 1336 2647 1363 2688; x_wconf 87' lang='lat' dir='ltr'><strong>et</strong></span> <span class='ocrx_word' id='word_1_178' title='bbox 1375 2651 1417 2686; x_wconf 88' lang='lat' dir='ltr'><strong>re·</strong></span> 
     </span>
     <span class='ocr_line' id='line_1_23' title="bbox 397 2712 1417 2790; baseline -0.001 -22"><span class='ocrx_word' id='word_1_179' title='bbox 397 2712 457 2784; x_wconf 99' lang='grc'><strong>144</strong></span> <span class='ocrx_word' id='word_1_180' title='bbox 474 2717 538 2769; x_wconf 82' lang='lat' dir='ltr'><strong>Non</strong></span> <span class='ocrx_word' id='word_1_181' title='bbox 554 2717 592 2770; x_wconf 84' lang='lat' dir='ltr'><strong>ibi</strong></span> <span class='ocrx_word' id='word_1_182' title='bbox 605 2717 729 2772; x_wconf 71' lang='lat' dir='ltr'><strong>Sidonio.</strong></span> <span class='ocrx_word' id='word_1_183' title='bbox 742 2723 806 2775; x_wconf 83' lang='lat' dir='ltr'><strong>Non</strong></span> <span class='ocrx_word' id='word_1_184' title='bbox 818 2721 866 2774; x_wconf 77' lang='lat' dir='ltr'><strong>sihi</strong></span> <span class='ocrx_word' id='word_1_185' title='bbox 910 2721 1025 2790; x_wconf 82' lang='lat' dir='ltr'><strong>cipietur</strong></span> <span class='ocrx_word' id='word_1_186' title='bbox 1042 2737 1073 2771; x_wconf 80' lang='lat' dir='ltr'><strong>ex</strong></span> <span class='ocrx_word' id='word_1_187' title='bbox 1089 2720 1210 2790; x_wconf 71' lang='lat' dir='ltr'><strong>seriptis:</strong></span> <span class='ocrx_word' id='word_1_188' title='bbox 1226 2733 1358 2789; x_wconf 77' lang='lat' dir='ltr'><strong>noxasque</strong></span> <span class='ocrx_word' id='word_1_189' title='bbox 1374 2733 1417 2767; x_wconf 80' lang='lat' dir='ltr'><strong>re-</strong></span> 
     </span>
     <span class='ocr_line' id='line_1_24' title="bbox 357 2795 1418 2870; baseline -0.006 -20"><span class='ocrx_word' id='word_1_190' title='bbox 357 2795 475 2870; x_wconf 71' lang='lat' dir='ltr'><strong>Sidonioe</strong></span> <span class='ocrx_word' id='word_1_191' title='bbox 494 2797 611 2866; x_wconf 74' lang='lat' dir='ltr'><strong>optimus</strong></span> <span class='ocrx_word' id='word_1_192' title='bbox 630 2809 657 2852; x_wconf 89' lang='lat' dir='ltr'><strong>et</strong></span> <span class='ocrx_word' id='word_1_193' title='bbox 677 2799 800 2852; x_wconf 84' lang='lat' dir='ltr'><strong>nonnulli</strong></span> <span class='ocrx_word' id='word_1_194' title='bbox 820 2799 866 2852; x_wconf 81' lang='lat' dir='ltr'><strong>elii</strong></span> <span class='ocrx_word' id='word_1_195' title='bbox 911 2816 1026 2864; x_wconf 73' lang='lat' dir='ltr'><strong>cennens,</strong></span> <span class='ocrx_word' id='word_1_196' title='bbox 1039 2795 1067 2848; x_wconf 92' lang='lat' dir='ltr'><strong>id</strong></span> <span class='ocrx_word' id='word_1_197' title='bbox 1079 2809 1132 2862; x_wconf 80' lang='lat' dir='ltr'><strong>ent,</strong></span> <span class='ocrx_word' id='word_1_198' title='bbox 1142 2797 1233 2848; x_wconf 83' lang='lat' dir='ltr'><strong>animo</strong></span> <span class='ocrx_word' id='word_1_199' title='bbox 1245 2806 1368 2866; x_wconf 71' lang='lat' dir='ltr'><strong>repetens</strong></span> <span class='ocrx_word' id='word_1_200' title='bbox 1378 2809 1418 2844; x_wconf 92' lang='lat' dir='ltr'><strong>re-</strong></span> 
     </span>
     <span class='ocr_line' id='line_1_25' title="bbox 358 2867 1418 2946; baseline -0.006 -18"><span class='ocrx_word' id='word_1_201' title='bbox 358 2867 439 2928; x_wconf 74' lang='lat' dir='ltr'><strong>eodd.</strong></span> <span class='ocrx_word' id='word_1_202' title='bbox 457 2875 572 2937; x_wconf 81' lang='lat' dir='ltr'><strong>Bartbii;</strong></span> <span class='ocrx_word' id='word_1_203' title='bbox 593 2874 666 2946; x_wconf 88' lang='lat' dir='ltr'><strong>quod</strong></span> <span class='ocrx_word' id='word_1_204' title='bbox 681 2875 727 2930; x_wconf 92' lang='lat' dir='ltr'><strong>ille</strong></span> <span class='ocrx_word' id='word_1_205' title='bbox 743 2897 799 2930; x_wconf 90' lang='lat' dir='ltr'><strong>nou</strong></span> <span class='ocrx_word' id='word_1_206' title='bbox 816 2879 867 2932; x_wconf 88' lang='lat' dir='ltr'><strong>irn-</strong></span> <span class='ocrx_word' id='word_1_207' title='bbox 911 2876 1032 2930; x_wconf 80' lang='lat' dir='ltr'><strong>cordato.</strong></span> <span class='ocrx_word' id='word_1_208' title='bbox 1045 2875 1150 2942; x_wconf 57' lang='lat' dir='ltr'><strong>sitne,</strong></span> <span class='ocrx_word' id='word_1_209' title='bbox 1162 2875 1194 2940; x_wconf 86' lang='lat'><strong>3,</strong></span> <span class='ocrx_word' id='word_1_210' title='bbox 1209 2891 1256 2941; x_wconf 83' lang='lat' dir='ltr'><strong>no,</strong></span> <span class='ocrx_word' id='word_1_211' title='bbox 1269 2871 1379 2945; x_wconf 86' lang='lat' dir='ltr'><strong>Epiced.</strong></span> <span class='ocrx_word' id='word_1_212' title='bbox 1390 2872 1418 2922; x_wconf 92' lang='lat' dir='ltr'><strong>in</strong></span> 
     </span>
     <span class='ocr_line' id='line_1_26' title="bbox 359 2953 1418 3029; baseline -0.002 -23"><span class='ocrx_word' id='word_1_213' title='bbox 359 2953 465 3027; x_wconf 81' lang='lat' dir='ltr'><strong>probet.</strong></span> <span class='ocrx_word' id='word_1_214' title='bbox 478 2982 514 2994; x_wconf 86' lang='lat'><strong>-·</strong></span> <span class='ocrx_word' id='word_1_215' title='bbox 525 2954 649 3008; x_wconf 71' lang='lat' dir='ltr'><strong>Sidonia.</strong></span> <span class='ocrx_word' id='word_1_216' title='bbox 661 2955 807 3010; x_wconf 72' lang='lat' dir='ltr'><strong>Thebane.</strong></span> <span class='ocrx_word' id='word_1_217' title='bbox 911 2969 1029 3029; x_wconf 78' lang='lat' dir='ltr'><strong>patrem:</strong></span> <span class='ocrx_word' id='word_1_218' title='bbox 1050 2974 1213 3028; x_wconf 73' lang='lat' dir='ltr'><strong>uterumque</strong></span> <span class='ocrx_word' id='word_1_219' title='bbox 1229 2955 1360 3008; x_wconf 75' lang='lat' dir='ltr'><strong>elementa</strong></span> <span class='ocrx_word' id='word_1_220' title='bbox 1374 2970 1418 3004; x_wconf 83' lang='lat' dir='ltr'><strong>re-</strong></span> 
     </span>
     <span class='ocr_line' id='line_1_27' title="bbox 400 3032 1418 3111; baseline -0.001 -26"><span class='ocrx_word' id='word_1_221' title='bbox 400 3032 458 3101; x_wconf 86' lang='grc'>148.</span> <span class='ocrx_word' id='word_1_222' title='bbox 472 3034 525 3088; x_wconf 84' lang='lat' dir='ltr'><strong>Sed</strong></span> <span class='ocrx_word' id='word_1_223' title='bbox 534 3053 570 3086; x_wconf 88' lang='lat' dir='ltr'><strong>m.</strong></span> <span class='ocrx_word' id='word_1_224' title='bbox 583 3035 617 3086; x_wconf 83' lang='lat' dir='ltr'><strong>E.</strong></span> <span class='ocrx_word' id='word_1_225' title='bbox 630 3056 651 3088; x_wconf 90' lang='lat' dir='ltr'><strong>r.</strong></span> <span class='ocrx_word' id='word_1_226' title='bbox 664 3055 794 3111; x_wconf 70' lang='lat' dir='ltr'><strong>noxasque</strong></span> <span class='ocrx_word' id='word_1_227' title='bbox 806 3049 867 3090; x_wconf 85' lang='lat' dir='ltr'><strong>rete·</strong></span> <span class='ocrx_word' id='word_1_228' title='bbox 913 3053 1039 3090; x_wconf 65' lang='lat' dir='ltr'><strong>centeno</strong></span> <span class='ocrx_word' id='word_1_229' title='bbox 1055 3035 1140 3088; x_wconf 86' lang='lat' dir='ltr'>Theb.</span> <span class='ocrx_word' id='word_1_230' title='bbox 1155 3035 1195 3100; x_wconf 89' lang='lat' dir='ltr'><strong>ll,</strong></span> <span class='ocrx_word' id='word_1_231' title='bbox 1214 3033 1282 3104; x_wconf 87' lang='lat'><strong>706,</strong></span> <span class='ocrx_word' id='word_1_232' title='bbox 1296 3032 1418 3105; x_wconf 74' lang='lat' dir='ltr'><strong>Tydeute</strong></span> 
     </span>
     <span class='ocr_line' id='line_1_28' title="bbox 360 3111 1421 3187; baseline -0.006 -21"><span class='ocrx_word' id='word_1_233' title='bbox 360 3131 430 3168; x_wconf 71' lang='lat' dir='ltr'><strong>rein.</strong></span> <span class='ocrx_word' id='word_1_234' title='bbox 443 3113 533 3166; x_wconf 87' lang='lat' dir='ltr'><strong>Burm.</strong></span> <span class='ocrx_word' id='word_1_235' title='bbox 543 3113 621 3166; x_wconf 65' lang='lat' dir='ltr'><strong>leur.</strong></span> <span class='ocrx_word' id='word_1_236' title='bbox 631 3115 749 3187; x_wconf 70' lang='lat' dir='ltr'><strong>lipsien.</strong></span> <span class='ocrx_word' id='word_1_237' title='bbox 762 3116 867 3170; x_wconf 85' lang='lat' dir='ltr'><strong>llehott.</strong></span> <span class='ocrx_word' id='word_1_238' title='bbox 916 3114 1108 3187; x_wconf 71' lang='lat' dir='ltr'><strong>tpraednrnque</strong></span> <span class='ocrx_word' id='word_1_239' title='bbox 1116 3116 1251 3184; x_wconf 78' lang='lat' dir='ltr'><strong>jacentem</strong></span> <span class='ocrx_word' id='word_1_240' title='bbox 1263 3111 1421 3181; x_wconf 77' lang='lat' dir='ltr'><strong>Gomporttt</strong></span> 
     </span>
     <span class='ocr_line' id='line_1_29' title="bbox 365 3192 1419 3267; baseline -0.003 -23"><span class='ocrx_word' id='word_1_241' title='bbox 365 3211 389 3259; x_wconf 83' lang='grc'><strong>1,</strong></span> <span class='ocrx_word' id='word_1_242' title='bbox 401 3209 434 3259; x_wconf 78' lang='lat' dir='ltr'><strong>n,</strong></span> <span class='ocrx_word' id='word_1_243' title='bbox 449 3203 475 3244; x_wconf 91' lang='lat' dir='ltr'><strong>et</strong></span> <span class='ocrx_word' id='word_1_244' title='bbox 488 3192 610 3265; x_wconf 80' lang='lat' dir='ltr'><strong>plerique</strong></span> <span class='ocrx_word' id='word_1_245' title='bbox 626 3193 759 3248; x_wconf 80' lang='lat' dir='ltr'><strong>Banbieni</strong></span> <span class='ocrx_word' id='word_1_246' title='bbox 780 3215 869 3250; x_wconf 69' lang='lat' dir='ltr'><strong>men·</strong></span> <span class='ocrx_word' id='word_1_247' title='bbox 913 3194 1051 3267; x_wconf 67' lang='lat' dir='ltr'><strong>gaudent,</strong></span> <span class='ocrx_word' id='word_1_248' title='bbox 1064 3195 1236 3264; x_wconf 73' lang='lat' dir='ltr'><strong>ingentiaque</strong></span> <span class='ocrx_word' id='word_1_249' title='bbox 1250 3204 1311 3244; x_wconf 82' lang='lat' dir='ltr'><strong>nota</strong></span> <span class='ocrx_word' id='word_1_250' title='bbox 1324 3207 1419 3242; x_wconf 87' lang='lat' dir='ltr'><strong>reeen-</strong></span> 
     </span>
     <span class='ocr_line' id='line_1_30' title="bbox 360 3269 1422 3337; baseline -0.004 -11"><span class='ocrx_word' id='word_1_251' title='bbox 360 3292 432 3335; x_wconf 63' lang='lat' dir='ltr'><strong>sensf</strong></span> <span class='ocrx_word' id='word_1_252' title='bbox 446 3274 565 3326; x_wconf 84' lang='lat' dir='ltr'><strong>Petrent.</strong></span> <span class='ocrx_word' id='word_1_253' title='bbox 579 3275 648 3326; x_wconf 79' lang='lat' dir='ltr'><strong>Dan.</strong></span> <span class='ocrx_word' id='word_1_254' title='bbox 661 3277 749 3328; x_wconf 83' lang='lat' dir='ltr'><strong>Petav.</strong></span> <span class='ocrx_word' id='word_1_255' title='bbox 764 3277 868 3330; x_wconf 86' lang='lat' dir='ltr'><strong>Venett.</strong></span> <span class='ocrx_word' id='word_1_256' title='bbox 915 3287 986 3328; x_wconf 57' lang='lat' dir='ltr'><strong>teta</strong></span> <span class='ocrx_word' id='word_1_257' title='bbox 1001 3277 1034 3328; x_wconf 80' lang='lat' dir='ltr'><strong>Et</strong></span> <span class='ocrx_word' id='word_1_258' title='bbox 1048 3288 1136 3328; x_wconf 81' lang='lat' dir='ltr'><strong>tamen</strong></span> <span class='ocrx_word' id='word_1_259' title='bbox 1148 3270 1279 3326; x_wconf 81' lang='lat' dir='ltr'><strong>Thebaid.</strong></span> <span class='ocrx_word' id='word_1_260' title='bbox 1293 3269 1422 3337; x_wconf 79' lang='lat'>111‚338‚</span> 
     </span>
     <span class='ocr_line' id='line_1_31' title="bbox 362 3348 1420 3427; baseline -0.004 -23"><span class='ocrx_word' id='word_1_261' title='bbox 362 3349 443 3404; x_wconf 82' lang='lat' dir='ltr'><strong>Aldd.</strong></span> <span class='ocrx_word' id='word_1_262' title='bbox 456 3349 542 3404; x_wconf 89' lang='lat' dir='ltr'><strong>Golin.</strong></span> <span class='ocrx_word' id='word_1_263' title='bbox 552 3350 633 3407; x_wconf 79' lang='lat' dir='ltr'><strong>Baoil.</strong></span> <span class='ocrx_word' id='word_1_264' title='bbox 647 3365 674 3406; x_wconf 88' lang='lat' dir='ltr'><strong>et</strong></span> <span class='ocrx_word' id='word_1_265' title='bbox 686 3369 787 3408; x_wconf 87' lang='lat' dir='ltr'><strong>recent.</strong></span> <span class='ocrx_word' id='word_1_266' title='bbox 804 3367 870 3408; x_wconf 83' lang='lat' dir='ltr'><strong>rete-</strong></span> <span class='ocrx_word' id='word_1_267' title='bbox 916 3356 968 3426; x_wconf 83' lang='lat'><strong>706</strong></span> <span class='ocrx_word' id='word_1_268' title='bbox 982 3367 1008 3408; x_wconf 89' lang='lat' dir='ltr'><strong>et</strong></span> <span class='ocrx_word' id='word_1_269' title='bbox 1024 3371 1100 3427; x_wconf 72' lang='lat' dir='ltr'><strong>seqq.</strong></span> <span class='ocrx_word' id='word_1_270' title='bbox 1116 3352 1304 3424; x_wconf 73' lang='lat' dir='ltr'><strong>uruultnmque</strong></span> <span class='ocrx_word' id='word_1_271' title='bbox 1319 3363 1345 3402; x_wconf 88' lang='lat' dir='ltr'><strong>et</strong></span> <span class='ocrx_word' id='word_1_272' title='bbox 1357 3348 1420 3402; x_wconf 88' lang='lat' dir='ltr'><strong>ubi-</strong></span> 
     </span>
     <span class='ocr_line' id='line_1_32' title="bbox 362 3428 1422 3507; baseline -0.013 -12"><span class='ocrx_word' id='word_1_273' title='bbox 362 3449 442 3494; x_wconf 65' lang='lat' dir='ltr'><strong>m‘t</strong></span> <span class='ocrx_word' id='word_1_274' title='bbox 464 3428 539 3502; x_wconf 87' lang='lat' dir='ltr'><strong>quod</strong></span> <span class='ocrx_word' id='word_1_275' title='bbox 559 3429 679 3484; x_wconf 79' lang='lat' dir='ltr'><strong>defendit</strong></span> <span class='ocrx_word' id='word_1_276' title='bbox 699 3435 779 3488; x_wconf 81' lang='lat' dir='ltr'><strong>etiem</strong></span> <span class='ocrx_word' id='word_1_277' title='bbox 801 3435 869 3488; x_wconf 76' lang='lat' dir='ltr'><strong>Dan.</strong></span> <span class='ocrx_word' id='word_1_278' title='bbox 916 3451 968 3507; x_wconf 87' lang='lat' dir='ltr'><strong>que</strong></span> <span class='ocrx_word' id='word_1_279' title='bbox 980 3447 1119 3498; x_wconf 73' lang='lat' dir='ltr'><strong>retexens,</strong></span> <span class='ocrx_word' id='word_1_280' title='bbox 1131 3437 1261 3504; x_wconf 76' lang='lat' dir='ltr'><strong>Legatum</strong></span> <span class='ocrx_word' id='word_1_281' title='bbox 1273 3449 1331 3484; x_wconf 76' lang='lat' dir='ltr'><strong>eene</strong></span> <span class='ocrx_word' id='word_1_282' title='bbox 1343 3431 1422 3482; x_wconf 82' lang='lat' dir='ltr'><strong>Greia</strong></span> 
     </span>
     <span class='ocr_line' id='line_1_33' title="bbox 364 3509 1424 3586; baseline 0.002 -24"><span class='ocrx_word' id='word_1_283' title='bbox 364 3511 488 3563; x_wconf 71' lang='lat' dir='ltr'><strong>Heinsius</strong></span> <span class='ocrx_word' id='word_1_284' title='bbox 509 3509 544 3564; x_wconf 84' lang='lat' dir='ltr'><strong>nd</strong></span> <span class='ocrx_word' id='word_1_285' title='bbox 564 3510 705 3566; x_wconf 79' lang='lat' dir='ltr'><strong>Claudiae.</strong></span> <span class='ocrx_word' id='word_1_286' title='bbox 724 3512 779 3566; x_wconf 80' lang='lat' dir='ltr'><strong>Eel.</strong></span> <span class='ocrx_word' id='word_1_287' title='bbox 799 3513 869 3570; x_wconf 86' lang='lat' dir='ltr'><strong>Gild.</strong></span> <span class='ocrx_word' id='word_1_288' title='bbox 916 3516 950 3569; x_wconf 91' lang='lat' dir='ltr'><strong>de</strong></span> <span class='ocrx_word' id='word_1_289' title='bbox 958 3528 1039 3586; x_wconf 75' lang='lat' dir='ltr'><strong>gente</strong></span> <span class='ocrx_word' id='word_1_290' title='bbox 1048 3515 1171 3586; x_wconf 75' lang='lat' dir='ltr'><strong>petendis</strong></span> <span class='ocrx_word' id='word_1_291' title='bbox 1179 3517 1233 3567; x_wconf 75' lang='lat' dir='ltr'><strong>tue</strong></span> <span class='ocrx_word' id='word_1_292' title='bbox 1244 3531 1325 3585; x_wconf 80' lang='lat' dir='ltr'><strong>super</strong></span> <span class='ocrx_word' id='word_1_293' title='bbox 1335 3511 1424 3584; x_wconf 73' lang='lat' dir='ltr'><strong>requie</strong></span> 
     </span>
     <span class='ocr_line' id='line_1_34' title="bbox 365 3589 1423 3669; baseline 0.002 -27"><span class='ocrx_word' id='word_1_294' title='bbox 365 3589 426 3644; x_wconf 79' lang='lat'><strong>325.</strong></span> <span class='ocrx_word' id='word_1_295' title='bbox 439 3589 539 3644; x_wconf 83' lang='lat' dir='ltr'><strong>-Sed</strong></span> <span class='ocrx_word' id='word_1_296' title='bbox 548 3591 744 3664; x_wconf 79' lang='lat' dir='ltr'><strong>memorlt&#39;lyrii</strong></span> <span class='ocrx_word' id='word_1_297' title='bbox 755 3594 828 3666; x_wconf 72' lang='lat' dir='ltr'><strong>repit.</strong></span> <span class='ocrx_word' id='word_1_298' title='bbox 842 3592 872 3646; x_wconf 89' lang='lat' dir='ltr'><strong>ld</strong></span> <span class='ocrx_word' id='word_1_299' title='bbox 916 3596 1024 3669; x_wconf 67' lang='lat' dir='ltr'><strong>profugi</strong></span> <span class='ocrx_word' id='word_1_300' title='bbox 1042 3594 1205 3668; x_wconf 68' lang='lat' dir='ltr'><strong>Polynieis.»</strong></span> <span class='ocrx_word' id='word_1_301' title='bbox 1224 3591 1275 3647; x_wconf 88' lang='lat' dir='ltr'><strong>Sed</strong></span> <span class='ocrx_word' id='word_1_302' title='bbox 1293 3592 1337 3645; x_wconf 88' lang='lat' dir='ltr'><strong>hic</strong></span> <span class='ocrx_word' id='word_1_303' title='bbox 1356 3592 1423 3645; x_wconf 80' lang='lat' dir='ltr'><strong>eori-</strong></span> 
     </span>
     <span class='ocr_line' id='line_1_35' title="bbox 366 3671 1277 3747; baseline 0.007 -27"><span class='ocrx_word' id='word_1_304' title='bbox 366 3682 423 3738; x_wconf 81' lang='lat' dir='ltr'><strong>eet,</strong></span> <span class='ocrx_word' id='word_1_305' title='bbox 442 3688 536 3722; x_wconf 84' lang='lat' dir='ltr'><strong>eorum</strong></span> <span class='ocrx_word' id='word_1_306' title='bbox 555 3690 612 3744; x_wconf 73' lang='lat' dir='ltr'><strong>que</strong></span> <span class='ocrx_word' id='word_1_307' title='bbox 631 3671 732 3728; x_wconf 79' lang='lat' dir='ltr'><strong>dixerat</strong></span> <span class='ocrx_word' id='word_1_308' title='bbox 750 3693 797 3727; x_wconf 85' lang='lat' dir='ltr'><strong>rex</strong></span> <span class='ocrx_word' id='word_1_309' title='bbox 812 3672 873 3747; x_wconf 76' lang='lat' dir='ltr'><strong>Elq-</strong></span> <span class='ocrx_word' id='word_1_310' title='bbox 916 3686 980 3747; x_wconf 82' lang='lat' dir='ltr'><strong>ptos</strong></span> <span class='ocrx_word' id='word_1_311' title='bbox 993 3676 1140 3746; x_wconf 77' lang='lat' dir='ltr'><strong>sequimur.</strong></span> <span class='ocrx_word' id='word_1_312' title='bbox 1159 3676 1277 3728; x_wconf 80' lang='lat' dir='ltr'><strong>Gttorov.</strong></span> 
     </span>
     <span class='ocr_line' id='line_1_36' title="bbox 367 3749 1426 3824; baseline -0.001 -22"><span class='ocrx_word' id='word_1_313' title='bbox 367 3750 430 3802; x_wconf 80' lang='lat' dir='ltr'><strong>siue.</strong></span> <span class='ocrx_word' id='word_1_314' title='bbox 441 3749 508 3802; x_wconf 84' lang='lat' dir='ltr'><strong>Vide</strong></span> <span class='ocrx_word' id='word_1_315' title='bbox 517 3751 593 3804; x_wconf 87' lang='lat' dir='ltr'><strong>initio</strong></span> <span class='ocrx_word' id='word_1_316' title='bbox 606 3751 690 3816; x_wconf 83' lang='lat' dir='ltr'>Theb.</span> <span class='ocrx_word' id='word_1_317' title='bbox 703 3755 805 3808; x_wconf 81' lang='lat' dir='ltr'><strong>Vll.··-</strong></span> <span class='ocrx_word' id='word_1_318' title='bbox 813 3753 873 3806; x_wconf 86' lang='lat' dir='ltr'><strong>No·</strong></span> <span class='ocrx_word' id='word_1_319' title='bbox 958 3754 1015 3824; x_wconf 85' lang='grc'>149.</span> <span class='ocrx_word' id='word_1_320' title='bbox 1034 3755 1070 3806; x_wconf 82' lang='lat' dir='ltr'><strong>In</strong></span> <span class='ocrx_word' id='word_1_321' title='bbox 1083 3754 1182 3806; x_wconf 77' lang='lat' dir='ltr'><strong>medior</strong></span> <span class='ocrx_word' id='word_1_322' title='bbox 1193 3765 1251 3806; x_wconf 82' lang='lat' dir='ltr'><strong>astu</strong></span> <span class='ocrx_word' id='word_1_323' title='bbox 1262 3751 1331 3805; x_wconf 82' lang='lat' dir='ltr'><strong>subit</strong></span> <span class='ocrx_word' id='word_1_324' title='bbox 1341 3750 1426 3822; x_wconf 80' lang='lat' dir='ltr'><strong>impia</strong></span> 
     </span>
     <span class='ocr_line' id='line_1_37' title="bbox 367 3829 1425 3907; baseline 0.002 -25"><span class='ocrx_word' id='word_1_325' title='bbox 367 3848 464 3904; x_wconf 71' lang='lat' dir='ltr'><strong>rosque</strong></span> <span class='ocrx_word' id='word_1_326' title='bbox 486 3843 601 3888; x_wconf 75' lang='lat' dir='ltr'><strong>retexens</strong></span> <span class='ocrx_word' id='word_1_327' title='bbox 625 3833 735 3906; x_wconf 77' lang='lat' dir='ltr'><strong>Tydeos.</strong></span> <span class='ocrx_word' id='word_1_328' title='bbox 755 3837 875 3888; x_wconf 86' lang='lat' dir='ltr'><strong>Mentem</strong></span> <span class='ocrx_word' id='word_1_329' title='bbox 919 3852 1033 3907; x_wconf 72' lang='lat' dir='ltr'><strong>compos.</strong></span> <span class='ocrx_word' id='word_1_330' title='bbox 1052 3834 1164 3905; x_wconf 78' lang='lat' dir='ltr'><strong>Optime</strong></span> <span class='ocrx_word' id='word_1_331' title='bbox 1178 3833 1278 3886; x_wconf 80' lang='lat' dir='ltr'><strong>Borthii</strong></span> <span class='ocrx_word' id='word_1_332' title='bbox 1292 3829 1425 3884; x_wconf 85' lang='lat' dir='ltr'><strong>membre·</strong></span> 
     </span>
     <span class='ocr_line' id='line_1_38' title="bbox 368 3906 1270 3984; baseline 0.002 -22"><span class='ocrx_word' id='word_1_333' title='bbox 368 3909 444 3962; x_wconf 79' lang='lat' dir='ltr'><strong>Statii</strong></span> <span class='ocrx_word' id='word_1_334' title='bbox 468 3906 623 3982; x_wconf 70' lang='lat' dir='ltr'><strong>adeoquitur</strong></span> <span class='ocrx_word' id='word_1_335' title='bbox 648 3913 802 3967; x_wconf 76' lang='lat' dir='ltr'><strong>Lactantius</strong></span> <span class='ocrx_word' id='word_1_336' title='bbox 825 3931 876 3963; x_wconf 90' lang='lat' dir='ltr'><strong>no·</strong></span> <span class='ocrx_word' id='word_1_337' title='bbox 920 3912 1270 3984; x_wconf 77' lang='lat' dir='ltr'><strong>nae:snhitincitaeompos.</strong></span> 
     </span>
     <span class='ocr_line' id='line_1_39' title="bbox 370 3989 1426 4066; baseline 0.001 -27"><span class='ocrx_word' id='word_1_338' title='bbox 370 4001 428 4040; x_wconf 82' lang='lat' dir='ltr'><strong>tane</strong></span> <span class='ocrx_word' id='word_1_339' title='bbox 439 4005 495 4040; x_wconf 88' lang='lat' dir='ltr'><strong>non</strong></span> <span class='ocrx_word' id='word_1_340' title='bbox 507 3989 636 4046; x_wconf 75' lang='lat' dir='ltr'><strong>excidisse</strong></span> <span class='ocrx_word' id='word_1_341' title='bbox 647 3993 807 4066; x_wconf 75' lang='lat' dir='ltr'><strong>Tisiphones</strong></span> <span class='ocrx_word' id='word_1_342' title='bbox 820 3993 875 4046; x_wconf 80' lang='lat' dir='ltr'><strong>nni·</strong></span> <span class='ocrx_word' id='word_1_343' title='bbox 959 3992 1017 4044; x_wconf 82' lang='lat'><strong>150.</strong></span> <span class='ocrx_word' id='word_1_344' title='bbox 1025 3992 1179 4065; x_wconf 75' lang='lat' dir='ltr'><strong>Tisiphone.-</strong></span> <span class='ocrx_word' id='word_1_345' title='bbox 1188 3989 1365 4056; x_wconf 72' lang='lat' dir='ltr'><strong>sensereoeies,</strong></span> <span class='ocrx_word' id='word_1_346' title='bbox 1374 4001 1426 4042; x_wconf 89' lang='lat' dir='ltr'><strong>eto.</strong></span> 
     </span>
     <span class='ocr_line' id='line_1_40' title="bbox 370 4067 1426 4146; baseline -0.002 -24"><span class='ocrx_word' id='word_1_347' title='bbox 370 4067 527 4122; x_wconf 75' lang='lat' dir='ltr'><strong>nto-scelera</strong></span> <span class='ocrx_word' id='word_1_348' title='bbox 542 4089 600 4141; x_wconf 79' lang='lat' dir='ltr'><strong>que</strong></span> <span class='ocrx_word' id='word_1_349' title='bbox 611 4071 718 4146; x_wconf 69' lang='lat' dir='ltr'><strong>Tydeus</strong></span> <span class='ocrx_word' id='word_1_350' title='bbox 732 4071 875 4146; x_wconf 79' lang='lat' dir='ltr'><strong>parricidio</strong></span> <span class='ocrx_word' id='word_1_351' title='bbox 922 4067 1426 4144; x_wconf 68' lang='lat' dir='ltr'><strong>Tesiphonenemereovesunusllehot.</strong></span> 
     </span>
     <span class='ocr_line' id='line_1_41' title="bbox 370 4149 1426 4226; baseline -0.002 -24"><span class='ocrx_word' id='word_1_352' title='bbox 370 4160 593 4221; x_wconf 59' lang='lat' dir='ltr'><strong>perpetuaret,</strong></span> <span class='ocrx_word' id='word_1_353' title='bbox 615 4153 670 4206; x_wconf 78' lang='lat' dir='ltr'><strong>eive</strong></span> <span class='ocrx_word' id='word_1_354' title='bbox 694 4152 769 4226; x_wconf 89' lang='lat' dir='ltr'><strong>quod</strong></span> <span class='ocrx_word' id='word_1_355' title='bbox 789 4171 877 4226; x_wconf 84' lang='lat' dir='ltr'><strong>nuper</strong></span> <span class='ocrx_word' id='word_1_356' title='bbox 962 4149 1019 4204; x_wconf 83' lang='grc'>151.</span> <span class='ocrx_word' id='word_1_357' title='bbox 1041 4152 1092 4206; x_wconf 81' lang='lat' dir='ltr'><strong>Ore</strong></span> <span class='ocrx_word' id='word_1_358' title='bbox 1104 4151 1215 4204; x_wconf 70' lang='lat' dir='ltr'><strong>remisso.</strong></span> <span class='ocrx_word' id='word_1_359' title='bbox 1227 4151 1303 4202; x_wconf 80' lang='lat' dir='ltr'><strong>Fioto</strong></span> <span class='ocrx_word' id='word_1_360' title='bbox 1318 4162 1344 4204; x_wconf 94' lang='lat' dir='ltr'><strong>et</strong></span> <span class='ocrx_word' id='word_1_361' title='bbox 1358 4161 1426 4202; x_wconf 89' lang='lat' dir='ltr'><strong>tetu-</strong></span> 
     </span>
     <span class='ocr_line' id='line_1_42' title="bbox 372 4229 1287 4304; baseline -0.001 -22"><span class='ocrx_word' id='word_1_362' title='bbox 372 4229 520 4302; x_wconf 81' lang='lat' dir='ltr'><strong>Menalippi</strong></span> <span class='ocrx_word' id='word_1_363' title='bbox 537 4246 620 4304; x_wconf 81' lang='lat' dir='ltr'><strong>ceput</strong></span> <span class='ocrx_word' id='word_1_364' title='bbox 635 4233 810 4290; x_wconf 76' lang='lat' dir='ltr'><strong>ebnumseret.</strong></span> <span class='ocrx_word' id='word_1_365' title='bbox 825 4232 877 4290; x_wconf 85' lang='lat' dir='ltr'><strong>Sed</strong></span> <span class='ocrx_word' id='word_1_366' title='bbox 922 4244 1015 4303; x_wconf 77' lang='lat' dir='ltr'><strong>pereto</strong></span> <span class='ocrx_word' id='word_1_367' title='bbox 1028 4232 1055 4284; x_wconf 90' lang='lat' dir='ltr'><strong>in</strong></span> <span class='ocrx_word' id='word_1_368' title='bbox 1068 4229 1287 4285; x_wconf 75' lang='lat' dir='ltr'><strong>moderationem.</strong></span> 
     </span>
    </p>
   </div>
   <div class='ocr_carea' id='block_1_4' title="bbox 0 0 1678 5166">
    <p class='ocr_par' dir='ltr' id='par_1_5' title="bbox 0 0 1678 5166">
     <span class='ocr_line' id='line_1_43' title="bbox 0 0 1678 5166; baseline 0 0"><span class='ocrx_word' id='word_1_369' title='bbox 0 0 1678 5166; x_wconf 95' lang='lat' dir='ltr'><strong> </strong></span> 
     </span>
    </p>
   </div>
  </div>
 </body>
</html>
