3256 5160
365 525 431 610 490
572 521 608 584 P.
635 521 671 584 P.
697 519 854 586 STATtt
880 519 1209 588 ACHILLEIDOS

408 645 508 736 Quod
519 643 620 742 plaga
631 643 862 740 Grejugenum
879 646 1018 716 tumidis
1033 645 1189 742 conjuret
1200 647 1347 719 Atridis:

409 761 486 827 Jnm
499 757 638 852 pelago,
650 759 818 852 terrisque
829 781 925 826 meus
939 775 1112 852 quaeretur
1123 757 1286 844 Achilles,

411 873 451 938 Et
462 867 554 938 volet
564 873 637 962 ipse
649 871 763 964 sequi:
776 867 860 964 quid
874 871 965 936 enim
977 870 1148 940 cunabulo
1160 895 1266 964 parvo

411 979 543 1065 Pelion,
557 997 591 1050 et
602 982 690 1048 torvi
702 981 936 1049 commisimus
948 997 1046 1050 antra
1058 984 1234 1076 magistri?

410 1090 910 1188 Illic,nifallor,Lepitha1um
923 1094 1140 1188 proeiinludit
1384 1111 1420 1178 4ο

410 1205 611 1299 improbus,
623 1223 658 1275 et
669 1210 777 1301 patrie
789 1203 861 1300 jum
875 1229 912 1276 se
926 1211 1067 1277 metitur
1079 1212 1116 1277 iu
1128 1207 1235 1278 haste.

410 1315 566 1400 Odolor,
583 1340 604 1385 o
616 1320 683 1386 seri
696 1334 852 1387 materno
864 1321 899 1386 iu
911 1316 1014 1389 corde
1023 1324 1183 1389 timores!

399 1538 443 1591 36.
475 1541 599 1612 conjuras
623 1537 729 1594 Atridis.
756 1537 869 1606 Atridis,
913 1540 1003 1594 locum
1014 1539 1421 1596 incuusbniornmnsridueire-

363 1615 548 1688 Agamemnon
563 1632 588 1670 et
596 1617 748 1684 Menelaus,
759 1617 806 1670 filii
821 1617 871 1670 Pli—
914 1624 1094 1694 quentovit‚·
1117 1621 1146 1675 ni
1166 1635 1221 1690 est,
1244 1621 1419 1674 educationis.

365 1695 479 1764 stheuis,
491 1695 539 1748 sed
551 1697 632 1748 Atreo
646 1697 703 1766 ejus
714 1696 789 1747 fratri
800 1697 871 1748 attri·
914 1698 1043 1752 Arcadius
1057 1699 1264 1754 Jurisconsultns
1276 1697 1309 1752 tle
1320 1699 1420 1752 Officio

364 1773 438 1842 buti,
459 1789 513 1828 turn
531 1774 606 1848 quud
626 1792 672 1828 eus
693 1773 870 1842 educaverat,
915 1780 987 1832 Piri.
998 1781 1072 1832 Prtet.
1087 1777 1305 1834 :Hiscunubuiis
1313 1779 1423 1832 Preiec·

365 1871 446 1926 quum
456 1854 529 1928 qnod
536 1853 682 1908 Plisthenes
688 1855 793 1924 juvenis
803 1872 873 1906 mor·
916 1871 1003 1910 torum
1015 1861 1161 1911 auctoritas
1171 1861 1309 1925 initintn,·
1324 1856 1351 1910 id
1365 1870 1422 1926 est,

364 1946 427 1986 tuus
442 1933 509 1986 nihii
524 1931 729 1987 memorandum
745 1945 871 2002 gesserat.
915 1935 957 1988 iiis
977 1936 1142 1990 rudimentis.
1161 1965 1199 1978 —
1217 1935 1322 1990 Pelion.
1342 1936 1422 1988 Mons

363 2037 400 2052 ·-
416 2013 548 2084 mejam.
562 2013 663 2078 Primo,
684 2013 746 2084 quis
759 2011 871 2082 Apsint-
914 2014 1056 2068 Thesssiie
1069 2016 1097 2067 in
1112 2033 1165 2089 quo
1177 2015 1253 2069 sedes
1266 2015 1319 2068 fuit
1330 2013 1423 2068 Chiro·

363 2107 447 2142 muon
461 2091 497 2143 ob
508 2107 723 2162 mspnnmopum
731 2091 871 2162 rin,qui·
914 2095 957 2146 uis
975 2095 1109 2147 Gentnuri.
1129 2125 1166 2136 -
1183 2096 1271 2149 Turni.
1289 2095 1338 2148 Vei
1358 2093 1422 2167 quis

362 2169 415 2224 bns
430 2185 538 2224 ceteros
550 2173 656 2225 Grecis·
667 2189 743 2243 repes
753 2189 784 2223 nc
795 2173 871 2242 priu-
915 2175 1064 2228 Gentem-ns
1078 2191 1147 2244 erut,
1163 2177 1205 2230 rei
1222 2179 1284 2250 quis
1301 2177 1422 2249 asperio-

363 2253 437 2322 cipss
458 2249 673 2318 vincebs1,dux
695 2251 872 2322 expeditionis
915 2257 951 2309 n'r
963 2255 1117 2328 discipline.

363 2330 514 2384 declaretur
531 2333 582 2384 tuit
597 2335 624 2384 in
641 2330 741 2404 templo
757 2334 871 2387 Junonis
952 2334 996 2402 40.
1011 2333 1184 2408 Lapitharum
1191 2332 1285 2410 prmis'a
1293 2333 1423 2388 iudith·

363 2411 479 2481 Argium
491 2409 567 2464 citeri
578 2429 655 2478 vero,
666 2412 729 2483 quis
740 2413 797 2482 ejus
809 2429 872 2482 gre-
916 2413 997 2487 pithse
1009 2427 1085 2467 erent
1093 2415 1188 2488 populi
1196 2415 1352 2480 Thessalia,
1364 2433 1422 2466 me·

363 2491 400 2542 tia
412 2489 439 2542 id
451 2489 550 2542 beilum
561 2490 711 2562 gerebatur.
916 2493 1092 2546 diterrnnenro
1107 2498 1164 2566 ejus
1183 2497 1318 2566 regionem
1333 2496 1422 2546 Peneo

399 2567 444 2639 37.
466 2570 599 2640 ρωπίαν
614 2568 740 2622 Achilles.
759 2571 829 2622 Nem
841 2572 870 2623 in
914 2574 1026 2624 ricinsm
1048 2569 1208 2640 incolentes,
1230 2573 1328 2646 quibus
1348 2573 1423 2624 ixion

362 2648 425 2700 fetis
434 2661 490 2700 eret
499 2647 645 2722 Ilinmcepi
656 2665 712 2700 uon
722 2666 802 2720 posse
814 2651 870 2702 sine
915 2669 946 2704 ec
962 2651 1111 2718 Pirithous,
1130 2656 1184 2725 ejus
1201 2651 1287 2720 iiiios,
1306 2651 1423 2723 impers-

364 2731 443 2782 urmis
451 2742 478 2782 et
486 2747 569 2802 opera
575 2727 702 2782 Achillis:
715 2747 794 2802 quem
803 2749 872 2802 qure-
914 2744 985 2783 runt.
997 2734 1068 2784 luter
1078 2731 1130 2785 isos
1141 2732 1258 2805 populos
1270 2745 1296 2784 et
1307 2733 1424 2784 Centen-

364 2809 444 2860 situm
461 2822 487 2862 et
502 2811 640 2862 inventum
657 2808 729 2881 apud
744 2809 872 2882 Lycome·
915 2827 974 2878 ros,
999 2811 1117 2884 ejusdem
1137 2813 1278 2866 Thessaliae
1298 2823 1422 2884 gentem,

362 2887 438 2956 dem,
449 2891 519 2942 inter
530 2888 635 2962 puellus
644 2890 746 2960 regies,
759 2888 794 2942 sd
802 2889 871 2942 Tro·
916 2903 973 2942 orte
988 2905 1027 2944 est
1039 2893 1164 2943 acerrime
1177 2909 1267 2963 pugne
1281 2892 1309 2942 in
1323 2889 1424 2962 nuptiis

360 2971 416 3040 jum
425 2970 607 3041 perduxerunt
615 2969 722 3044 Ulysses
733 2983 759 3024 et
767 2971 873 3024 Diome·
915 2967 1038 3036 Pirithoi,
1051 2972 1078 3021 in
1090 2987 1141 3042 que
1153 2969 1229 3022 multi
1239 2971 1372 3041 utrimque
1382 2985 1424 3020 oe·

365 3049 422 3102 des.
437 3051 560 3103 Butrsnn.
916 3046 1048 3100 ciderunt.
1059 3047 1127 3100 Vide
1144 3047 1267 3101 Ovidium
1284 3049 1348 3100 Met.
1365 3049 1423 3100 ntt.

400 3131 449 3196 38,
459 3131 502 3200 39.
511 3133 548 3184 Et
556 3131 624 3185 volet
630 3132 683 3205 ipse
689 3131 769 3204 sequi.
777 3129 873 3183 Euolet
914 3153 951 3168 ·-
963 3125 1049 3178 suste.
1061 3125 1145 3192 Queri
1157 3145 1213 3178 non
1224 3126 1328 3191 timent,
1341 3124 1424 3178 veluti

364 3211 425 3283 ipre,
438 3213 543 3263 venen,
559 3241 593 3252 .-
610 3211 681 3283 ρῃίᾰ
697 3213 767 3263 mim
786 3229 871 3263 cuna.
915 3204 1037 3277 pwiudo
1048 3204 1242 3278 hubentpraeiiu
1251 3203 1424 3277 [supiidldfflm

365 3289 426 3340 buia
442 3308 524 3362 pareo
543 3288 653 3356 Pelion,
673 3300 700 3340 et
717 3290 785 3342 torni
801 3307 872 3341 com·
916 3297 1044 3355 tunquam
1055 3283 1137 3352 levin,
1152 3284 1249 3358 quibus
1260 3303 1290 3337 se
1301 3297 1424 3337 exercent

363 3370 482 3423 misimus
491 3379 568 3422 cntm
583 3370 707 3446 magistri.
723 3371 773 3420 Pro
788 3387 872 3438 epium
917 3362 950 3414 nd
964 3366 1076 3434 majora.

363 3465 426 3500 vum
451 3449 631 3500 commisimus
657 3448 775 3499 antris.-
803 3449 872 3498 Nam
953 3443 996 3511 41.
1016 3444 1330 3516 Etpatrissemetiteut'n
1340 3445 1422 3497 hortm

364 3526 480 3580 Achilles
502 3525 536 3580 sd
560 3526 728 3599 disciplinam
748 3525 872 3580 Chironis
916 3522 946 3575 td
958 3538 1011 3591 est,
1028 3527 1095 3577 vires
1112 3543 1173 3578 sues
1187 3528 1331 3597 experirer.
1343 3528 1425 3578 Juve-

363 3610 488 3661 Centsun’
504 3606 636 3660 deductus
653 3607 753 3672 fuerat,
772 3618 801 3658 ut
818 3605 871 3657 hoc
917 3604 998 3672 neiis,
1009 3605 1062 3658 Set.
1070 3606 1118 3672 Vi,
1132 3624 1157 3657 r.
1169 3605 1238 3659 358:
1252 3623 1322 3658 nnec
1332 3625 1360 3658 se
1370 3623 1424 3657 me·

364 3689 489 3757 magistro
506 3689 642 3758 ingenium
662 3704 693 3738 nc
711 3703 798 3738 mores
815 3687 873 3754 ejus
916 3683 980 3734 titur
992 3682 1025 3734 nd
1036 3681 1220 3752 iilum,Quem
1231 3685 1320 3754 posuit
1330 3695 1426 3735 netues

363 3767 550 3818 formarentur.
558 3762 744 3817 -Cunabulm
754 3765 803 3814 Pro
812 3761 873 3814 edu·
917 3760 1035 3814 modum.
1047 3785 1058 3810 ι
1071 3761 1169 3814 Tentat
1181 3763 1250 3814 enirn
1263 3779 1329 3814 num
1338 3763 1426 3834 possit

363 3846 486 3910 ostione,
497 3861 543 3894 seu
552 3844 643 3913 primic
657 3841 814 3894 rudimentis
827 3859 874 3893 uo-
917 3840 1020 3892 hestem
1034 3853 1174 3911 paternum
1186 3841 1264 3893 ferre.

364 3922 486 3994 cipimus.
499 3920 725 3987 Cunabulcenim,
741 3937 787 3972 seu
799 3920 874 3973 incu-
953 3920 996 3988 ds.
1018 3921 1042 3973 0
1059 3919 1143 3986 dolor,
1163 3933 1213 3972 etc.
1230 3921 1424 3994 Negligentisu

364 3999 462 4052 nobule
475 3999 526 4054 hen
541 3999 737 4072 significatione,
748 4011 872 4070 utruque,
917 4017 991 4051 suem
1002 4001 1089 4070 arguit
1101 4020 1108 4050 ε
1123 3999 1199 4070 quod
1210 3997 1330 4052 Psridern
1341 4017 1428 4071 quum

364 4095 459 4152 preter
482 4083 632 4154 ruigstnm,
657 4091 784 4150 usurpata
806 4096 872 4148 pro·
917 4078 951 4132 ud
967 4079 1093 4132 Helenam
1108 4079 1264 4151 rapiendum
1278 4082 1426 4152 navigaris,

365 4158 408 4212 bis
427 4160 611 4232 scriptoribus.
633 4158 775 4212 Suetonius
791 4158 871 4227 Vesp.
917 4178 972 4212 non
985 4158 1105 4211 obruerit
1115 4159 1143 4211 in
1153 4162 1229 4211 muri.
1238 4161 1343 4213 -Serr'.
1354 4159 1427 4226 Quin

366 4257 426 4312 cap.
438 4242 475 4294 11:
496 4242 607 4311 :Quare
622 4239 748 4312 princeps
765 4253 873 4309 quoque
917 4236 1021 4290 surdius
1032 4253 1122 4290 curem
1132 4237 1242 4308 gerebat
1255 4237 1309 4292 iiiii.
