3194 5156
414 483 478 550 562
622 488 656 549 P.
684 487 718 549 P.
745 484 900 551 STATIl
926 485 1251 556 ACHILLEIDOS

458 617 544 680 Ante
556 610 673 680 oculos
685 628 857 679 crescente
868 613 969 680 Sarno
978 638 987 693 ;
997 609 1069 704 jam
1083 612 1184 682 Delos
1198 631 1318 708 opacat
1444 629 1460 680 s

458 728 584 820 AEquor
595 749 604 806 ;
617 723 677 790 ubi
688 719 820 790 excelse
830 720 938 788 libant
951 721 1119 791 carchesia
1133 748 1265 817 puppe,

457 837 691 928 Responsique
703 832 804 899 fidem
814 883 823 913 ,
835 847 870 899 et
884 843 1004 899 veru'm
1015 831 1196 902 Calchanta
1208 852 1399 929 precantur.

505 945 617 1015 Audiit
630 948 841 1026 Arcitenens,
855 943 1117 1040 Zephyrumque
1128 971 1148 1014 e
1159 951 1283 1017 vertice
1295 948 1419 1044 Cynthi

458 1053 613 1152 Impulit,
625 1073 658 1124 et
669 1056 779 1124 dubiis
793 1055 894 1148 pleno
908 1051 1002 1124 dedit
1013 1061 1126 1126 omino
1139 1059 1225 1129 velo.

457 1173 488 1236 lt
501 1165 621 1263 pelago
633 1191 751 1236 secura
763 1168 846 1233 rotis
860 1191 866 1230 z
881 1169 1008 1260 quippe
1020 1165 1088 1236 elta
1098 1171 1261 1237 Tonantis
1431 1201 1464 1234 to

455 1286 557 1349 iussu
567 1279 692 1348 Thetin
704 1293 812 1345 certas
823 1277 968 1346 latorum
981 1295 1112 1348 vertere
1125 1278 1215 1372 leges

456 1391 625 1461 Arcebant
637 1413 759 1482 aegrem
772 1387 937 1468 lacrimis,
951 1413 991 1456 ec
1006 1389 1113 1473 multa
1128 1408 1333 1482 gementem,

455 1500 555 1592 Quod
567 1525 637 1570 non
649 1516 782 1568 erueret
793 1516 955 1594 pontum,
971 1504 1165 1598 ventisque,
1180 1505 1340 1598 fretisque

455 1614 622 1684 Omnibus
636 1614 782 1680 invisum
791 1608 862 1703 jam
873 1627 956 1680 tunc
967 1631 1164 1708 sequeretur
1176 1615 1321 1684 Ulixem.

408 1802 489 1859 nullis
504 1801 570 1868 dici,
583 1802 645 1852 rina
659 1799 802 1852 habentem
820 1799 912 1868 praeci·
992 1801 1016 1854 8.
1036 1801 1194 1854 Arcitenens.
1209 1801 1321 1872 Apollo,
1333 1804 1376 1854 cui
1388 1805 1463 1873 peri·

409 1905 471 1959 pua.
484 1887 558 1955 Virg.
570 1881 671 1935 AEoeid.
685 1884 733 1947 lll,
750 1881 812 1934 125:
829 1882 912 1932 ellec-
955 1879 991 1930 tie
1013 1878 1154 1950 sagittandi
1174 1878 1298 1932 tribuitur
1317 1893 1344 1932 et
1361 1879 1460 1952 gloria.

408 1965 566 2036 uberemque
573 1964 644 2034 jugis
653 1963 756 2013 Naxon.
768 1984 779 2006 ·
796 1962 868 2010 Burr.
954 1959 1031 2012 Unde
1041 1973 1080 2013 est
1089 1959 1155 2012 illud
1164 1959 1266 2023 Ovidii,
1276 1962 1340 2013 Met.
1353 1962 1378 2026 1,
1390 1961 1460 2032 457:

444 2044 468 2097 5.
490 2046 619 2096 Crescente
629 2041 718 2093 Samo.
728 2037 798 2106 Quin
809 2050 909 2110 quanto
957 2040 1028 2090 «ista
1048 2039 1144 2092 decent
1165 2039 1292 2092 humeros
1310 2042 1461 2110 gestamine

408 2125 490 2195 tnagis
509 2119 542 2172 ad
562 2137 620 2171 enm
642 2116 910 2190 appropinquabant,
954 2131 1073 2184 nostros,
1083 2119 1136 2186 Qui
1148 2118 1210 2171 altre
1221 2131 1295 2170 certa
1309 2119 1383 2185 ferar,
1393 2116 1461 2171 dere

408 2217 482 2255 tento
494 2199 587 2254 melius
601 2197 760 2263 cernebant,
772 2196 844 2249 unde
858 2213 911 2248 rus·
954 2196 1063 2250 vulnera
1076 2215 1217 2269 possumus
1229 2196 1306 2250 hosti.
1318 2222 1330 2246 ι
1338 2227 1375 2240 -
1386 2199 1462 2268 Cyn·

403 2286 448 2353 jor
460 2279 612 2341 videbatnr;
629 2277 689 2330 ideo
704 2295 823 2330 crescere
839 2273 910 2328 ride-
954 2276 1000 2329 tbi.
1017 2279 1094 2330 Mons
1107 2291 1145 2330 est
1159 2278 1218 2330 Deli
1232 2278 1362 2348 Apollinis
1378 2277 1460 2330 simul

407 2363 493 2415 batur.
508 2362 662 2412 Msrurtrr.
675 2383 710 2398 -—
719 2358 807 2411 Samo.
820 2355 909 2410 insule
953 2367 979 2407 et
991 2357 1080 2408 Dione
1093 2371 1151 2408 ortu
1164 2357 1280 2428 insignis.
1296 2356 1420 2408 Bntrsrr.

408 2445 487 2498 meris
501 2443 589 2507 Icarii,
604 2441 689 2511 patrie
701 2437 861 2511 Pythagorei.
873 2467 909 2478 —
986 2451 1012 2503 9.
1033 2432 1117 2487 Pleno
1129 2434 1195 2487 velo.
1206 2437 1263 2487 lloc
1275 2447 1364 2488 autern
1376 2438 1461 2488 maxi-

405 2527 467 2578 Janr
477 2521 557 2574 Delos
568 2530 663 2591 opacat
672 2519 780 2590 AEquor.
793 2519 851 2568 Hoc
864 2515 910 2568 ha·
954 2534 996 2567 nie
1008 2537 1085 2570 omen
1099 2519 1178 2570 auxit.

406 2603 452 2655 bet
469 2603 537 2652 rotio
552 2599 743 2668 navigationis,
761 2609 790 2647 ut
810 2614 908 2667 oppro·
992 2597 1262 2671 to.1tpelaposecnra
1271 2599 1347 2651 ratisr
1358 2599 1461 2672 quippe

406 2677 598 2756 pinquantibus
623 2676 656 2728 ad
680 2673 813 2743 insulam,
836 2695 909 2728 mere
953 2674 1008 2729 alta
1022 2676 1156 2730 Tonantis.
1171 2679 1201 2730 ln
1215 2679 1279 2750 Reg.
1295 2681 1314 2730 B
1328 2678 1418 2748 leges,
1434 2681 1458 2731 1.

406 2763 492 2813 rninus
502 2758 554 2810 late
562 2755 683 2808 videatur
692 2755 797 2824 objectu
806 2755 906 2807 insulse.
950 2773 979 2826 p.
989 2774 1008 2807 s.
1020 2774 1039 2808 r.
1048 2755 1146 2829 quippe
1152 2756 1208 2809 alta
1217 2757 1344 2818 sonantis,·
1354 2759 1382 2809 in
1390 2759 1459 2830 Reg.

405 2840 445 2891 Ile
459 2835 525 2890 Delo
535 2834 596 2887 uide
606 2831 690 2886 Theb.
704 2835 728 2897 i,
742 2847 801 2902 7⁰²·
819 2833 907 2885 Alium
952 2835 974 2884 C
987 2849 1101 2886 nostram
1112 2835 1173 2888 lect.
1193 2835 1239 2890 Eo.

403 2918 505 2991 prebet
518 2914 696 2966 Maturantius
708 2931 829 2965 sensum:
844 2931 908 2984 opa-
990 2929 1030 2966 tr.
1049 2915 1123 2968 Jarsa
1139 2915 1234 2968 Thetin
1246 2923 1326 2968 certas
1332 2915 1461 2988 fatorum

404 3011 460 3067 cat,
472 2996 498 3049 id
508 3010 548 3048 est
557 2993 677 3054 umbrat;
690 3005 764 3045 erant
773 2994 843 3045 enirn
850 2995 907 3062 jorn
952 3005 1048 3046 uertere
1062 2993 1136 3069 lepes.
1156 2993 1233 3046 Aldd.
1248 2992 1334 3046 Colin.
1353 2993 1460 3068 Grypb.

404 3078 548 3152 eputleum
559 3074 749 3138 tertiolorum,
763 3072 906 3144 quoDelos
952 3088 977 3126 et
999 3073 1076 3127 besil.
1092 3074 1213 3146 fatomm
1237 3085 1347 3127 euertere
1368 3073 1461 3148 lepesr

405 3157 526 3212 umbram
538 3154 689 3224 exporrigit.
952 3153 1071 3207 Bartbius
1086 3156 1112 3206 in
1130 3155 1215 3206 notis:
1224 3155 1344 3226 fatorum
1363 3151 1463 3207 tollere

440 3237 466 3290 6.
490 3237 610 3308 AEqnor:
635 3233 682 3284 nbi
701 3229 799 3284 excelsa
822 3230 906 3286 libant
951 3232 1031 3308 iopes:
1043 3233 1089 3286 ubi
1099 3233 1181 3286 salsus
1194 3248 1234 3286 est
1246 3232 1335 3306 quoad
1345 3236 1460 3286 Venett.

404 3315 533 3370 carchesia
549 3329 645 3384 puppe.
665 3311 729 3380 lieg.
751 3309 906 3379 Bexhibet,
950 3313 1062 3366 etAldd.
1074 3335 1131 3388 qure
1141 3312 1314 3368 edd.rrullum
1325 3327 1463 3385 punctum

404 3397 522 3467 AEqaor:
534 3391 579 3442 ubi
590 3407 604 3440 e
615 3389 681 3441 celsa
694 3388 778 3440 libant
786 3391 906 3442 charebe-
949 3393 1050 3445 hebent
1063 3408 1123 3466 post
1134 3394 1209 3468 lepos.
1218 3423 1250 3434 -
1260 3394 1322 3464 Reg.
1335 3395 1355 3444 ll
1366 3393 1462 3447 habet.

404 3479 442 3531 sia
453 3473 552 3546 puppit
566 3472 630 3540 neg.
647 3468 669 3520 C
684 3471 785 3542 AEqnor
795 3484 820 3524 et
832 3491 846 3523 e
857 3472 906 3525 cel·
949 3473 1024 3526 ‚lassa
1034 3473 1152 3535 Thetim,
1162 3473 1382 3544 Repcnostrnm
1394 3471 1463 3526 lect.

404 3575 432 3611 ta
447 3555 531 3608 libant
543 3550 690 3603 clmrclresia
701 3569 799 3623 puppe.
812 3552 858 3604 En.
869 3583 905 3592 -·
950 3553 996 3603 Eo.
1014 3582 1048 3594 -
1066 3554 1150 3607 Certos
1169 3553 1242 3628 lepes.
1263 3552 1463 3606 immutabiles.

408 3635 458 3688 vti
469 3630 567 3686 excelsa
579 3629 795 3683 libantcarchesia
805 3651 903 3704 puppe.
950 3634 1013 3686 Fata
1029 3646 1114 3685 autern
1133 3633 1271 3702 volebant,
1290 3647 1319 3685 ut
1337 3632 1467 3686 Achilles

403 3719 443 3768 Ex
454 3733 527 3767 ruore
543 3729 596 3782 quo
610 3724 695 3762 naum·
705 3710 821 3780 legentes
832 3730 905 3763 oran
951 3713 1116 3784 detegeretur
1128 3724 1154 3764 et
1162 3715 1185 3764 T
1187 3715 1270 3784 rojam
1282 3715 1341 3764 iret.

404 3793 445 3846 vel
454 3790 569 3844 insulam
578 3788 655 3839 elicui
665 3791 719 3838 Deo
728 3807 842 3854 socrum,
854 3793 905 3861 ipsi
987 3802 1026 3835 ιι.
1042 3785 1170 3835 Arcobant
1178 3801 1273 3856 oeqram
1287 3782 1422 3850 lacrimis,
1432 3807 1468 3838 ac

404 3873 440 3926 ob
463 3887 622 3944 prosperum
647 3886 753 3920 cursum
776 3869 904 3926 libabant.
950 3861 1033 3914 multa
1043 3875 1198 3938 pementem.
1210 3861 1416 3932 RegrBhebet,
1430 3867 1466 3916 A.

405 3951 471 4004 Vide
480 3948 576 4002 Achill.
592 3949 603 3998 l
617 3960 707 3997 nutem
721 3947 754 3998 ed
766 3967 830 4000 vers.
845 3951 904 4004 285.
950 3962 979 3996 cr.
998 3942 1017 3994 l.
1029 3961 1060 3995 ac
1077 3943 1161 3994 multa
1179 3941 1329 4004 timentemr
1350 3943 1423 4012 Reg.
1445 3945 1470 3996 C

440 4047 464 4102 7.
479 4022 749 4098 Responsiquefidem.
760 4029 794 4078 Ut
804 4027 830 4078 id
841 4049 907 4100 prm·
951 4038 1066 4074 nostram
1079 4022 1139 4074 lect.
1158 4023 1204 4074 En.

406 4108 543 4182 stetquorl
557 4105 667 4158 Colchos
685 4105 905 4176 prtrtlixernt‚ita
989 4101 1027 4167 14.
1050 4102 1178 4154 Omnibus
1192 4102 1304 4154 inuisum
1313 4103 1381 4173 jam
1402 4113 1470 4155 turc
1550 4139 1551 4148 .

404 4203 434 4241 ut
446 4185 555 4240 Golcbae
566 4186 598 4235 sit
610 4183 749 4236 veridicus.
950 4192 1094 4252 sequeretur
1112 4181 1223 4234 Ulixem.
1239 4181 1303 4250 ling.
1325 4183 1347 4232 B
1360 4182 1470 4250 habet,
