3230 5168
548 575 688 638 LIBER
713 575 816 637 VIII.
1140 577 1200 642 105

210 701 365 768 Attrernit
377 702 504 780 oranti,
519 721 665 793 suaque,
678 715 712 766 et
723 723 800 794 quae
811 697 958 791 desuper
969 717 1079 790 urget,

211 811 357 880 Nutabat
367 808 468 878 tellus
481 836 488 876 :
501 833 571 878 non
583 810 702 880 fortius
715 811 840 880 aethera
850 811 947 878 vultu

210 929 374 1018 Torquet,
387 939 421 991 et
431 923 602 992 astriferos
615 921 754 992 inclinat
765 926 922 1017 Iuppiter
932 948 1020 992 axes.

216 1033 355 1100 ascribi
367 1055 452 1127 quos
465 1034 606 1127 (inquit)
619 1036 754 1114 Manes,
767 1036 826 1127 qui
837 1031 942 1100 limite
953 1057 1106 1126 praeceps

212 1149 288 1212 Non
299 1142 390 1211 licito
402 1167 463 1237 per
474 1146 573 1211 inane
584 1145 702 1211 ruisi»
718 1143 813 1212 Subit
823 1141 880 1210 ille
890 1145 1076 1210 minantem
1173 1155 1205 1209 85

212 1259 289 1323 Jam
299 1258 410 1321 tenuis
422 1257 497 1322 visu
507 1307 515 1336 ,
524 1251 596 1345 jam
607 1251 865 1326 vanescentibus
877 1257 997 1335 armis,

213 1368 289 1430 Jam
300 1363 423 1456 pedes:
438 1367 602 1432 exstincto
613 1379 727 1432 tamen
737 1366 944 1456 interceptus
955 1367 992 1430 in
1001 1386 1059 1431 ore

213 1475 353 1566 Augurii
364 1473 525 1566 perdurat
535 1473 660 1555 honos,
673 1474 883 1566 obscuraque
896 1474 997 1542 fronti

214 1585 306 1650 Vitta
316 1601 445 1667 manet,
458 1605 658 1678 ramumque
671 1601 762 1652 tenet
772 1587 945 1653 morientis
957 1583 1062 1652 olivae.

267 1695 324 1760 «Si
334 1690 427 1776 licet,
441 1710 474 1761 et
485 1696 609 1762 sanctis
618 1692 673 1761 hic
685 1718 744 1761 ora
755 1693 922 1762 resolvere
934 1695 983 1760 fas
995 1709 1046 1762 est
1175 1721 1209 1771 90

214 1800 389 1884 Manibus,
402 1825 423 1868 o
435 1804 564 1871 cunctis
575 1801 689 1872 finitor
700 1807 845 1872 maxime
858 1827 986 1885 rerum,

170 2049 275 2120 fingunt
297 2050 342 2102 elii
366 2067 461 2124 poetae.
487 2056 605 2106 Imitatus
630 2066 670 2105 est
715 2072 761 2106 vus
778 2056 848 2106 enim
865 2055 891 2106 in
911 2055 1012 2106 inferos
1030 2048 1211 2104 descenderat.

171 2128 333 2183 Claudianus
342 2127 428 2184 infsuo
440 2134 511 2198 Dite,
522 2132 629 2185 XXXIII
637 2131 670 2184 de
750 2132 793 2202 88.
814 2130 909 2186 Tenuis
918 2131 981 2184 28222.
992 2129 1132 2184 simulacra
1143 2129 1213 2179 enim

170 2209 260 2280 Rapta
272 2209 344 2260 Pras.
356 2209 401 2262 tit.
411 2213 437 2277 1,
446 2211 478 2262 82
488 2225 575 2283 etseq.
587 2225 670 2263 stunc
715 2224 881 2264 mortuorum
899 2213 941 2262 rix
959 2213 986 2262 in
1004 2211 1088 2262 visum
1104 2205 1212 2259 cadunt.

170 2286 232 2340 ulta
253 2287 324 2340 celso
342 2289 396 2342 Ore
412 2301 500 2353 tonnt3
517 2291 670 2343 tremefacta
715 2287 931 2355 Theh.1V,535:
945 2303 992 2341 aet
1003 2299 1142 2359 angustam
1152 2303 1213 2338 cen·

172 2366 265 2434 silent,
276 2365 380 2420 dicente
389 2379 500 2440 tyrsum
507 2406 516 2435 ‚
524 2370 606 2422 Atria.
617 2392 673 2416 ι-
716 2369 771 2420 teni
780 2367 909 2436 AEgreonis
918 2365 1049 2419 umbram.
1060 2389 1071 2412 ι
1084 2362 1124 2415 Ad
1135 2381 1215 2434 quem

170 2445 304 2500 Auremtr.
317 2447 401 2500 Nutet
415 2446 449 2499 sd
460 2467 555 2503 vocum
567 2447 673 2520 pondus
716 2446 805 2498 locum
823 2445 1008 2500 illustrandum
1027 2444 1157 2498 adductus
1177 2455 1216 2495 est

173 2525 333 2579 etciamoris
340 2525 550 2597 amplitudinem.
561 2525 673 2580 ItaTbe·
717 2525 761 2579 bie
778 2545 878 2580 uersus.
893 2527 959 2580 Vide
973 2540 1038 2580 toni.
1056 2523 1214 2595 precedent.

170 2603 448 2676 bnid.lss,3odeteeq.
460 2620 562 2659 «terres
570 2604 675 2658 caium·
717 2623 780 2676 pag.
795 2604 855 2671 432.
867 2607 916 2657 Eu.
924 2635 960 2646 —
972 2601 1175 2658 Voneseeutr'bus
1186 2603 1216 2652 In

172 2703 225 2754 qne
237 2684 389 2756 fretumque
397 2685 544 2739 Attretnere
557 2687 671 2737 oranti·
718 2682 839 2736 umbram
849 2682 1039 2736 desinentibus.
1057 2683 1134 2734 Ltcr.

172 2792 208 2803 -
217 2763 266 2816 sit.
277 2763 335 2816 Ital.
348 2767 439 2817 Punic.
452 2767 484 2830 V,
496 2765 560 2834 617:
576 2776 675 2836 «atque
756 2763 798 2830 87.
812 2763 874 2814 Jam
886 2763 977 2835 pedes.-
993 2762 1115 2814 exstincto
1130 2769 1216 2809 tomen

172 2845 285 2897 umbras
295 2844 349 2897 late
360 2847 455 2918 stygias
465 2847 592 2898 immense
601 2863 677 2898 vore·
721 2841 872 2912 interceptus
887 2843 915 2892 t'n
929 2859 979 2893 ore.
995 2836 1159 2906 :Quomodo
1173 2839 1217 2888 itt·

172 2943 207 2994 go
220 2924 355 2978 Faucibus
367 2924 482 2978 ostendit
494 2925 607 2997 patulis,
619 2944 676 2978 ms·
720 2930 858 2991 tereeptus,
873 2921 894 2971 si
906 2921 1045 2991 perdurat?
1055 2918 1153 2968 Vitiata
1163 2913 1218 2968 Iec·
1234 2952 1237 2958 .

172 3021 280 3076 nesque
292 3002 422 3076 profundi
434 3005 580 3076 Antiquunt
594 3021 675 3074 expe·
720 3000 775 3064 tin,
794 3001 837 3050 cui
853 3017 885 3050 ex
898 3012 973 3069 perte
989 3009 1147 3050 succurrunt
1159 2994 1219 3046 libri

172 3101 238 3134 vere
245 3081 324 3136 diem.
334 3106 345 3133 u
355 3085 441 3151 Quem
448 3081 673 3148 locnrnedi,nost.
720 3077 816 3141 nostri,
824 3077 1005 3148 preferentes,
1013 3074 1220 3145 indecepttuNe·

173 3159 239 3212 edit.
254 3173 276 3212 t.
287 3161 313 3226 1,
324 3180 351 3232 p.
365 3161 425 3213 338.
444 3160 492 3212 En.
722 3172 752 3208 rs
763 3153 842 3206 lectio
852 3167 906 3222 est,
918 3154 1087 3226 indecerptus.
1099 3176 1110 3200 ι
1124 3155 1218 3204 Birra.

209 3243 257 3295 82.
267 3243 384 3296 Nutubot
396 3239 479 3294 telius.
494 3239 602 3294 neodex
613 3241 679 3311 opti·
759 3233 802 3285 88.
816 3233 977 3306 obscuraque
983 3233 1071 3304 fronti
1082 3231 1154 3287 Vitta
1164 3249 1221 3280 ma·

172 3339 251 3388 mus,
266 3321 404 3382 Aduututf
417 3319 490 3392 quod
505 3321 678 3392 Papinianum
723 3321 774 3362 net.
786 3311 848 3364 Non
854 3313 932 3374 rittn,
943 3312 990 3364 sed
996 3311 1133 3382 vestigium
1142 3311 1219 3359 rittae.

173 3401 289 3452 omnino
313 3402 452 3460 existim03
476 3417 526 3450 neo
548 3397 679 3450 deterrere
723 3391 855 3463 Superiori
870 3394 941 3444 enim
959 3391 1042 3456 libro,
1056 3409 1080 3442 v.
1094 3389 1162 3459 984,
1176 3405 1221 3441 ees

173 3477 678 3550 debetvoculreadrepetitio.»Btnrn
723 3467 1221 3541 spottinireddidisseemphiarausdi-
1276 3509 1278 3513 .

211 3557 259 3610 83.
278 3557 401 3630 luppiter
408 3575 476 3609 axes.
488 3558 545 3608 Hoc
556 3567 611 3622 est,
624 3573 681 3606 ora·
725 3552 808 3603 citur:
826 3552 946 3622 «Accipe
962 3551 1131 3604 commissum
1142 3549 1222 3619 capiti

174 3637 254 3688 tione
263 3635 382 3689 Plutonis
391 3635 538 3688 tremefacti
547 3632 680 3704 suntpoii.
726 3629 837 3686 decue·

212 3715 260 3782 84.
274 3715 342 3768 Titi.
353 3715 489 3768 Convertit
498 3713 575 3768 Pluto
585 3732 680 3766 sermo·
761 3711 804 3778 89.
823 3711 985 3782 Remumque
1005 3719 1073 3761 tenet
1093 3708 1224 3760 morientis

174 3813 241 3846 nem
261 3791 297 3844 ad
314 3792 513 3865 AmphIsraum.
530 3822 566 3833 -
581 3793 681 3844 Manes.
727 3788 810 3842 oliuu.
823 3789 1004 3842 Remusoiiroe
1014 3790 1115 3858 insigne
1127 3783 1224 3858 suppii·

174 3876 228 3924 Hic
239 3891 292 3944 pro
301 3875 403 3944 poenis,
414 3886 442 3925 nt
449 3871 572 3942 Virgilius
579 3870 680 3924 AEneid.
727 3887 796 3922 eum.
808 3868 874 3922 Vide
888 3868 934 3922 lib.
947 3870 1076 3941 superiori
1087 3883 1126 3918 vs.
1141 3867 1201 3937 476.

128 4007 131 4012 ,
174 3952 231 4017 v1,
247 3951 316 4020 743:
333 3952 475 4023 «Quisque
491 3969 554 4005 suos
567 3953 683 4022 petimur
762 3966 805 4019 9¹·
827 3948 930 4002 Cunctis
941 3947 1046 4022 finitur.
1063 3945 1141 4000 Ovid.
1159 3946 1223 3998 Met.

174 4047 307 4082 manes·
323 4030 364 4082 Ad
379 4049 458 4102 quern
472 4029 562 4082 locunt
574 4040 630 4081 not.
643 4027 683 4080 le·
728 4029 769 4096 X,
783 4028 815 4080 32
833 4040 860 4080 et
873 4047 947 4100 seqq.
963 4029 1080 4084 aOmuia
1095 4025 1225 4077 debentur

172 4127 244 4180 gere
258 4111 535 4180 operaepretiumes13
549 4106 600 4163 vid.
614 4120 683 4162 nost.
728 4111 822 4174 rnorti,
835 4108 1006 4179 paulinusque
1017 4103 1225 4169 morati,Serius
1332 4169 1334 4182 Ι

176 4190 249 4242 edit.
261 4202 325 4240 tom.
338 4189 386 4253 ΙΙΙ,
398 4207 459 4261 pag,
473 4190 520 4242 288
530 4201 556 4242 et
570 4189 627 4258 289.
636 4187 683 4238 En.
730 4199 776 4238 aut
792 4187 885 4252 citius,
904 4185 991 4238 eedem
1006 4197 1178 4255 properemus
1192 4178 1226 4230 ad

177 4299 216 4310 -·-
233 4268 330 4326 Limite
341 4287 451 4354 preceps
468 4267 529 4322 Nou
546 4267 625 4320 Iieito.
637 4268 684 4318 Vi·
731 4283 808 4318 unum
818 4288 824 4318 :
835 4264 979 4317 Tendimus
991 4261 1043 4315 huc
1054 4277 1158 4324 ornnes,
1170 4256 1226 4310 buc
