3196 5158
533 653 676 718 LIBER
700 653 783 718 Vll.

183 788 230 852 Da
242 780 355 850 sedem
366 779 514 873 profugo
525 805 533 846 ε
546 781 656 872 potuit
668 781 809 848 Latonia
818 778 922 848 freter

185 897 281 976 taxa,
293 915 358 960 nec
369 891 520 974 invideo,
533 889 679 984 deligere
690 887 814 973 Delon,
826 907 860 960 et
871 893 947 960 imis

183 1001 425 1072 Commendare
437 1001 531 1070 fretis
543 1027 550 1068 :
564 1025 641 1070 earu
653 1000 823 1070 submovit
833 1001 875 1070 ab
887 1025 965 1070 arce

185 1113 328 1181 Hostiles
339 1115 488 1181 'Iritonis
501 1135 606 1208 aquas
618 1137 625 1178 ε
639 1109 707 1180 vidi
719 1113 792 1205 ipse
802 1127 977 1205 potentem
1132 1129 1179 1184 185

184 1223 344 1293 Gentibus
356 1227 434 1293 Eois
445 1223 625 1319 Epaphum
637 1221 717 1291 dare
726 1220 821 1316 jura3
833 1247 897 1292 nec
907 1223 995 1294 ullas

184 1333 318 1428 Cyllene
330 1350 459 1403 secreta
471 1333 568 1402 tubas
580 1335 735 1402 Minoave
747 1349 844 1402 curat
915 1348 920 1361 “

186 1445 261 1513 lde:
274 1445 356 1541 quid
367 1444 436 1513 beu
447 1461 579 1514 tantum
591 1447 714 1513 nostris
726 1444 907 1514 offenderis
918 1447 1008 1514 aris?

184 1559 245 1624 Hic
255 1555 334 1640 tibi,
346 1555 483 1650 quondo
494 1557 605 1623 minor
614 1552 685 1648 jum
696 1571 812 1624 nostra
823 1557 989 1648 potentin,
1001 1573 1117 1626 noctes

177 1741 231 1794 ria.
243 1740 286 1793 Da
296 1741 381 1796 sedan
391 1740 513 1817 profuqo.
525 1741 568 1794 Da
575 1760 636 1814 pro·
680 1759 741 1794 cum
750 1739 836 1814 Apide
847 1763 854 1794 ε
865 1739 919 1794 boo
931 1743 1011 1796 etiarn
1024 1742 1095 1816 legas
1108 1744 1180 1816 apud

137 1819 201 1892 firqo
214 1819 299 1872 sedern
311 1837 380 1872 unus
395 1819 489 1872 Behot.
500 1850 536 1861 -
547 1822 638 1872 Potuit
680 1820 811 1873 AElianum
822 1819 868 1872 lib.
880 1823 933 1887 xl,
947 1822 1106 1876 Animalium
1119 1843 1179 1897 cap.

141 1901 246 1952 latonia
252 1899 353 1972 frater,
364 1915 414 1954 etc.
429 1900 568 1972 Virgilium
578 1901 636 1952 imi·
683 1915 723 1950 ιο.
738 1896 820 1951 Addit
829 1918 892 1952 vero
902 1899 1036 1972 AEffiptiot
1046 1899 1118 1954 bunc
1129 1921 1180 1955 een

140 1992 206 2030 tatur
217 1977 320 2031 AEueid.
333 1982 361 2046 1,
372 1979 424 2050 39:
439 1979 580 2032 «Pallasne
593 1999 637 2032 ex·
679 1995 786 2030 monem
805 1977 937 2044 aversari,
958 1991 988 2030 ut
1007 1978 1179 2046 mendaeem,

141 2057 635 2130 urereclatsem‚etc.»Exaggeratbio
681 2059 743 2128 quia
763 2057 890 2129 Epaphus
910 2057 999 2111 multis
1019 2071 1081 2130 post
1101 2063 1179 2134 Apim

140 2136 202 2207 quid
218 2137 261 2190 alii
278 2139 373 2190 fratrea
388 2139 444 2204 sui,
460 2152 485 2191 et
502 2139 549 2191 filii
563 2141 635 2191 lovis
680 2137 781 2190 reculis
795 2139 917 2190 extiterit.

138 2217 244 2268 fecerint
263 2231 290 2269 et
307 2219 459 2288 potuerint,
478 2231 504 2270 et
522 2235 579 2290 quae
600 2215 634 2269 ab
718 2217 775 2286 ¹87.
803 2215 912 2286 Cyllene
928 2227 1022 2269 recreta
1039 2217 1110 2270 treber
1127 2218 1180 2270 Mi·

138 2297 194 2365 ipso
204 2295 272 2348 Jove
283 2297 489 2368 impetraverint.
547 2337 551 2344 .
679 2313 762 2348 nonve
768 2309 848 2349 cierat.
860 2295 977 2368 Cyllenes
984 2295 1076 2351 Bebot.
1087 2315 1113 2364 r,
1123 2299 1182 2370 Cyl·

172 2375 230 2426 183.
245 2374 342 2427 Delon.
356 2373 437 2428 Delos
448 2393 518 2427 nuno
528 2373 635 2442 sutiles,
680 2375 739 2428 lene
759 2395 846 2429 secura
874 2379 990 2448 optimus
1015 2377 1179 2432 Bartbianus.

136 2451 218 2504 insula
230 2453 300 2504 inter
310 2451 455 2525 Cyclades,
467 2471 547 2525 quam
558 2455 636 2507 stabi·
679 2455 813 2508 Minoinve
822 2455 925 2507 Bebott.
940 2472 967 2520 r,
980 2472 1050 2508 1.-
1064 2455 1178 2527 Cyllene.

135 2530 185 2582 lem
200 2531 315 2586 reddidit
329 2533 427 2605 Apollo
446 2557 451 2585 :
475 2532 570 2586 dieitur
583 2535 635 2586 Aa·
679 2535 757 2588 Mons
770 2537 1180 2606 Arcadiaeincujutsummover·

136 2611 207 2660 tonia
219 2627 294 2676 mxu,
310 2613 375 2683 quia
386 2613 413 2663 in
425 2611 476 2664 bac
487 2609 573 2664 insula
585 2615 635 2665 La·
679 2615 731 2666 tice
752 2614 825 2668 edes
847 2629 886 2667 est
911 2617 1036 2668 Mercurii
1060 2615 1177 2689 Cyllenii.

136 2702 199 2741 tona
212 2693 313 2761 peperit
324 2691 473 2762 Apollinem
482 2705 507 2743 et
514 2693 633 2744 Dianam.
679 2693 757 2745 Nunc
771 2693 884 2746 Tricam.
894 2691 941 2746 Eo,
953 2723 989 2735 —-
999 2695 1124 2748 Minoave
1132 2713 1179 2745 cn-

170 2769 227 2834 184.
239 2772 425 2823 Commendare
425 2770 511 2842 fretis.
520 2773 539 2822 l.
548 2771 634 2822 e.imo
679 2781 727 2823 rot.
743 2773 830 2823 Minos
849 2785 876 2823 et
892 2769 1090 2823 Rhadamantus
1107 2774 1179 2825 Jovis

133 2851 212 2900 maris
230 2847 317 2900 fundo
334 2848 449 2920 alligare.
470 2851 546 2902 Fruta
564 2852 633 2900 enirn
679 2863 704 2902 et
716 2851 828 2922 Europae
840 2849 901 2917 lilii,
913 2849 1076 2902 Cretensium
1086 2869 1177 2921 reges:

130 2929 243 2997 proprie
257 2931 337 2979 maria
349 2928 487 2991 dicuntur,
502 2947 559 3000 quac
569 2941 634 2982 aestu
678 2927 725 2980 ted
738 2941 767 2980 ιιι
782 2928 905 2980 conciliet
918 2929 1010 2980 lovem
1021 2929 1049 2980 in
1061 2947 1179 2982 amorem

129 3005 226 3078 rapido
246 3007 346 3059 vicinas
367 3019 450 3060 terras
470 3007 632 3060 interfluunt.
677 3005 844 3070 Thebarum,
857 3019 984 3057 memorat
997 3017 1062 3078 quot
1074 3021 1100 3058 et
1112 3026 1178 3080 quas

129 3113 166 3124 -·
176 3086 245 3138 Cam
256 3086 289 3136 ab
301 3103 367 3138 arce.
381 3085 506 3158 Acropoli
518 3084 633 3139 Athena·
678 3086 737 3156 ipse
748 3085 802 3136 Rex
815 3085 904 3135 Deum
916 3087 1041 3137 amoverit
1054 3085 1177 3141 mulieres

127 3181 246 3215 rum.—
261 3167 336 3217 Cera.
353 3165 422 3232 Quia
432 3164 541 3216 Athenoe
555 3167 582 3217 in
594 3179 634 3217 tu·
676 3163 833 3226 Thebanam
851 3161 1019 3231 Alcmenam,
1034 3167 1177 3238 Antiopam

127 3243 182 3295 tela
198 3243 323 3294 Miner-ne
337 3257 420 3296 eraut.
677 3241 834 3308 Nicteidem,
842 3255 978 3314 postremo
986 3244 1179 3316 Europammu·

166 3323 229 3375 185.
242 3323 357 3376 Hostiles
366 3323 480 3376 Tritonis
490 3340 577 3394 equor.
589 3321 634 3374 Di·
675 3325 718 3392 jue
726 3324 806 3374 frater
813 3321 928 3374 Cadmus
936 3323 1055 3376 condidit
1062 3323 1176 3378 Thebas.

124 3399 232 3455 lorium
247 3421 264 3454 u
282 3404 409 3475 Neptuno
427 3401 573 3453 inductum.
595 3405 633 3455 De
717 3402 773 3454 188.
793 3401 842 3452 Ida
855 3423 862 3450 .·
876 3401 942 3472 qnid
953 3401 1003 3453 lreu
1015 3413 1116 3454 tontum
1130 3424 1178 3458 no-

123 3481 244 3535 Athenis
258 3482 426 3535 contendisse
444 3483 588 3534 Minervam
608 3495 635 3536 et
678 3479 733 3533 stris
744 3479 886 3552 offenderis
896 3479 967 3532 aris?
986 3482 1058 3533 Creta
1073 3505 1082 3534 .·
1098 3485 1178 3556 quid,
1244 3489 1250 3502 '

122 3561 289 3633 Neptunum
308 3559 461 3615 fabulantur
476 3573 576 3631 poetae,
597 3563 634 3613 ui·
679 3573 729 3611 etc.
745 3559 832 3611 Burm.
852 3557 909 3609 Idu.
922 3559 999 3630 Mons
1011 3557 1094 3611 Cretae
1106 3531 1210 3614 lovis⁸

123 3657 259 3716 etumque
276 3645 431 3715 Neptunum
451 3641 544 3694 urbem
559 3645 634 3714 aquis
679 3637 810 3690 natalibus
831 3637 952 3710 inclytus.
973 3637 1178 3705 Hod.1da,vel

123 3735 382 3774 evertereeouatum
392 3723 633 3788 luisse‚Mioervam
678 3717 804 3770 Pn'lon'ti.
817 3719 862 3768 Eo.

123 3823 190 3856 vero
205 3821 290 3875 aquas
303 3804 440 3875 repulisse.
457 3831 492 3842 -—
512 3803 633 3857 Tritonis.
717 3797 776 3868 ¹89·
786 3798 836 3850 Ηῖθ
846 3797 905 3864 llll,
916 3799 1033 3870 quando,
1042 3813 1092 3851 0¹⁰·
1102 3799 1176 3852 Ordo

124 3881 187 3934 Siee
195 3881 331 3948 Tritonia,
339 3881 467 3934 Minerva
476 3879 633 3932 Vide'l'beb.
679 3887 718 3929 est
726 3891 752 3927 et
760 3893 852 3928 sentus
862 3900 867 3928 :
879 3879 927 3928 llio
935 3875 982 3929 tibi
991 3881 1178 3952 tameu,siqui-

123 3961 195 4024 xli,
212 3961 274 4030 639,
679 3952 739 4006 dem
748 3956 803 4024 jam
816 3955 910 4006 minori
922 3957 1006 4025 gratia
1017 3954 1089 4028 apud
1098 3970 1123 4008 te
1133 3975 1178 4008 aa·

166 4040 230 4091 186.
255 4039 327 4092 Eois.
346 4039 489 4110 Egyptiiu
507 4039 634 4110 AEgyptus
678 4033 736 4099 leo,
748 4035 828 4086 luisse
838 4049 969 4086 memento
979 4049 1070 4087 noctes
1081 4035 1176 4106 quibus

123 4121 202 4170 enirn
218 4117 251 4170 ab
264 4119 381 4190 antiquie
394 4116 634 4189 GeographisAeiae
679 4111 816 4166 Herculem
836 4115 966 4182 genuisti,
988 4129 1014 4165 et
1034 4115 1176 4182 Antiopam

124 4215 172 4248 seu
196 4199 303 4250 Orienti
326 4197 485 4249 contributa.
507 4223 541 4236 -
562 4197 635 4269 Epa·
680 4209 759 4262 quum
772 4193 880 4255 amasti,
894 4206 919 4243 et
934 4190 1057 4243 familiam
1071 4189 1177 4256 Cadmi,

121 4276 225 4346 pirum.
241 4277 383 4348 Epaphus,
395 4276 533 4328 colebatur
547 4275 580 4328 ab
590 4276 635 4327 AE-
680 4273 757 4340 cujus
778 4289 853 4322 soror
874 4272 982 4343 Europe
999 4271 1103 4322 felicior
1118 4287 1177 4322 mea

125 4356 237 4426 gyptiis.
248 4352 403 4408 Herodotus
411 4353 484 4406 buno
494 4351 634 4406 confundit
678 4364 761 4402 matre
773 4351 832 4402 luit.
847 4349 891 4402 Eo.
