3256 5160
402 583 467 664 460
637 585 673 651 Ρ.
699 585 736 650 Ρ.
761 585 917 650 8ΤΔΤΙΙ
940 583 1217 652 ΤΗΕΒΔΙΒο8

445 717 577 796 Casum
590 727 624 781 et
635 717 827 805 Agenoreos
841 735 928 804 opus
940 709 1122 780 emendare
1134 715 1295 805 penates?

445 829 514 892 Nec
526 826 700 918 querimur
714 847 835 892 caesos:
849 822 922 890 haec
934 823 1053 890 bellica
1063 821 1156 916 jura,
1170 827 1329 920 vicesque

444 943 641 1003 Armorum:
655 933 715 1004 sed
727 959 796 1004 non
808 935 926 1004 Siculis
938 951 1054 1004 exorta
1066 937 1130 1004 sub
1141 939 1247 1004 antris

444 1053 610 1129 Monstra,
623 1071 686 1115 nec
697 1049 802 1114 Ossaei
813 1045 904 1114 bello
916 1046 1066 1116 cecidere
1078 1045 1291 1116 bimembres.
1397 1059 1449 1126 ⁵⁵4

443 1157 1461 1253 Mittogenus‚clarosquepatres;hominum,inclyteTheseu‚

400 1293 403 1305 ’
443 1270 582 1360 Sanguis
595 1284 706 1350 erant,
718 1267 888 1349 homines,
903 1265 1089 1364 eademque
1101 1272 1136 1336 in
1149 1268 1260 1336 sidera
1271 1267 1408 1337 eosdem

442 1381 584 1446 Sortitus
594 1381 802 1460 animarum,
813 1377 1039 1473 alimentaque
1052 1395 1164 1446 vestra
1175 1381 1293 1460 creati,

442 1495 535 1576 Quos
548 1489 637 1558 vetat
647 1493 724 1582 igne
735 1494 855 1571 Creon,
867 1492 1056 1584 Stygiaeque
1068 1515 1088 1558 a
1099 1489 1214 1558 limine
1225 1505 1349 1583 portae,

440 1605 510 1668 Ceu
523 1618 614 1671 sator
625 1600 866 1684 Eumenidum,
882 1617 942 1667 aut
952 1601 1078 1670 Lethaei
1090 1604 1233 1694 portitor
1244 1602 1366 1680 amnis,

442 1708 640 1794 Submovet‚
654 1735 693 1779 ac
704 1708 808 1780 dubio
820 1710 960 1805 caelique
972 1710 1138 1808 Erebique
1150 1711 1214 1780 sub
1226 1735 1288 1779 axe
1393 1723 1449 1777 560

441 1827 586 1892 Detinet.
601 1831 675 1892 Heu
688 1828 846 1918 princeps
858 1831 994 1892 natura!
1010 1826 1067 1893 ubi
1078 1829 1239 1894 numina?
1250 1825 1308 1894 ubi
1319 1823 1377 1892 ille

442 1935 605 2004 Fulminis
616 1933 927 2030 injustijaculator?
939 1933 997 2003 ubi
1009 1941 1105 2020 estis,
1118 1937 1280 2005 Athenaei'

441 2050 586 2139 Septima
595 2047 665 2141 jam
681 2072 822 2141 surgens
835 2045 974 2138 trepidis
986 2057 1115 2118 Aurora
1124 2047 1276 2142 jacentes

441 2163 622 2226 Aversatur
633 2163 746 2252 equis:
762 2157 872 2226 radios
885 2156 1046 2240 declinat,
1062 2175 1095 2226 et
1107 2159 1223 2226 horret

441 2267 603 2360 Stelligeri
612 2267 715 2362 jubar
727 2293 828 2336 omne
839 2266 926 2360 poli:
939 2266 1009 2360 jam
1022 2273 1175 2337 cominus
1188 2273 1271 2362 ipsae
1393 2281 1445 2336 555

393 2467 464 2518 enim
478 2477 583 2537 septena
595 2485 706 2519 movere.
719 2469 781 2521 Non
792 2469 894 2520 utinam
941 2471 1011 2521 enim
1032 2472 1144 2542 repetita
1165 2469 1303 2522 hominum
1327 2465 1447 2538 appella-

387 2546 472 2616 fortes
484 2565 552 2599 unus
563 2544 653 2600 Behot.
665 2549 733 2599 Dan.
748 2549 832 2601 Petav.
846 2548 896 2599 Co·
940 2551 1013 2602 tione
1038 2549 1164 2601 inducere
1187 2546 1281 2599 volunt
1302 2544 1445 2598 Theseum.

393 2625 437 2676 lin.
452 2639 477 2676 et
490 2625 573 2678 Plant.
586 2628 649 2680 Non
663 2628 764 2680 utinam
778 2641 803 2681 et
811 2628 896 2699 fortes
939 2629 998 2680 Vet.
1011 2627 1100 2681 Schol.

393 2713 473 2784 Lang.
491 2713 589 2766 Busttd.
603 2714 670 2768 alter
683 2715 776 2766 Behot.
789 2718 893 2768 Venett.
976 2705 1036 2760 556.
1056 2707 1208 2780 Eademque
1229 2708 1257 2759 in
1278 2706 1369 2758 sidera.
1391 2703 1447 2755 Alii

393 2791 423 2858 3,
437 2789 452 2857 4
468 2831 478 2858 ‚
492 2805 517 2844 et
530 2793 752 2864 recentt.-lleg.
767 2795 787 2844 B
799 2791 896 2861 exibet,
939 2784 1032 2858 legunt
1044 2788 1130 2840 solum
1140 2787 1236 2852 sidem,
1245 2803 1299 2838 non
1314 2785 1341 2836 in
1351 2783 1444 2836 sidere.

392 2872 427 2923 Ν.
445 2889 470 2921 ιι.
486 2890 508 2922 e.
518 2871 546 2942 f.
562 2872 629 2944 quid
640 2873 710 2924 enim
724 2886 829 2946 septena
840 2892 896 2926 mo·
976 2865 1036 2934 557.
1052 2865 1198 2918 Alimenta.
1213 2869 1253 2917 An
1269 2863 1408 2915 elementa.

393 2951 454 3002 vrri.
470 2951 515 3000 En.
976 2946 1036 2998 558.
1052 2947 1149 3019 Stygia
1161 2957 1252 3016 porte.
1266 2945 1424 2994 lnferorum.

430 3028 488 3081 551.
509 3029 534 3079 C.
545 3048 567 3080 e.
580 3029 614 3082 A.
629 3049 692 3103 opus
701 3032 840 3083 emendare
850 3049 895 3102 pe·
975 3019 1445 3094 559.SatorEumenidum.Acberou

394 3109 482 3158 nates?
499 3105 589 3159 Behot.
605 3125 628 3174 ι,
643 3127 706 3181 opus
717 3121 753 3163 ert
768 3110 895 3161 mandare
939 3103 1032 3156 lluriua
1051 3105 1209 3156 interorum.
1223 3131 1259 3144 —
1271 3100 1369 3154 heber·
1383 3117 1444 3169 por·

393 3191 739 3260 nepotes,·rescriptumvero
747 3190 892 3254 emendare,
939 3186 1001 3238 titor
1011 3186 1104 3236 amnis.
1119 3184 1234 3251 Charon.

391 3267 687 3340 interpolataldictione.
697 3270 893 3342 -Aqenomon
975 3263 1035 3318 561.
1045 3265 1078 3317 D.
1089 3264 1126 3314 Η.
1135 3282 1163 3334 p.
1174 3281 1201 3315 n.
1212 3262 1256 3314 ubi
1266 3259 1393 3312 numina?
1401 3259 1444 3310 ubi

393 3348 544 3401 Thebanos.
940 3344 996 3397 ille.
1009 3345 1072 3414 lleg.
1088 3345 1107 3394 B
1120 3341 1233 3414 praebet,
1252 3341 1296 3392 ubi
1315 3341 1445 3392 numina?

428 3428 488 3482 553.
507 3429 560 3482 Sed
572 3447 625 3482 non
639 3429 736 3484 Siculis
747 3441 835 3484 exorta
849 3431 894 3484 sub
940 3424 984 3474 ubi
1002 3422 1049 3475 ille
1067 3425 1121 3474 est?
1140 3423 1186 3472 En.
1200 3449 1236 3461 -
1249 3420 1374 3488 Princeps
1395 3435 1444 3470 aa·

392 3509 702 3561 antrisMomtmlnnuit
713 3510 895 3584 cyclopeam·
940 3515 1006 3554 tura.
1027 3506 1152 3556 Omnium
1168 3521 1256 3553 rerum
1275 3501 1394 3553 creatrix.
1407 3527 1443 3538 -

393 3603 431 3640 tra
442 3590 468 3638 in
481 3589 570 3640 Sicilia
584 3588 739 3642 incolentes.
942 3583 992 3634 Ubi
1004 3583 1130 3634 numina?
1141 3582 1188 3632 ubi
1199 3581 1246 3634 ille
1258 3577 1387 3632 Fulminis
1400 3577 1443 3628 in-

427 3663 488 3732 554.
509 3669 644 3735 Monstro,
665 3687 711 3720 nec
728 3670 805 3722 ormi
826 3669 894 3724 bello
931 3663 998 3735 justi
998 3659 1139 3732 jaculator.
1153 3661 1229 3712 Sicin
1239 3656 1444 3711 rebuaedrereis

393 3745 505 3797 cecidere
527 3747 684 3800 bimembres.
708 3749 786 3802 Assoei
816 3748 893 3802 betto,
939 3743 965 3794 ia
981 3743 1052 3793 Deos
1069 3740 1263 3792 invehebantur
1279 3740 1443 3792 Veteres.—

392 3828 459 3877 Dan.
475 3855 511 3866 -
524 3827 601 3877 Ossoei
609 3827 765 3880 bimembres.
778 3830 895 3881 Centau·
938 3822 1042 3892 Injusti.
1059 3821 1128 3888 Quia
1144 3821 1266 3872 maritum
1285 3817 1443 3888 Capaneum

393 3923 436 3956 ros
452 3905 588 3976 intelligit,
605 3909 651 3977 qni
665 3909 759 3959 Ossam
775 3923 893 3961 montem
939 3900 1049 3952 fulmine
1062 3911 1243 3970 percusserat,
1257 3895 1299 3948 vel
1311 3898 1373 3967 quia
1385 3894 1446 3946 Cre·

392 3983 534 4036 Thessalia·
546 3983 707 4037 incolebant.
940 3995 1029 4032 entem
1042 3993 1095 4030 tam
1111 3980 1232 4050 iniquum
1252 3976 1387 4029 hominem
1403 3977 1446 4026 vi-

430 4061 491 4115 555.
513 4063 591 4114 Mitto
611 4081 700 4134 genus.
721 4065 782 4114 Nou
807 4063 894 4116 dicam
939 4079 1000 4114 vere
1012 4057 1124 4110 sinebat.

393 4143 427 4196 de
444 4144 606 4212 cognatione
622 4143 787 4194 nobilissima
809 4157 834 4194 et
848 4163 896 4214 ge·
978 4139 1037 4192 565.
1048 4139 1075 4190 S.
1076 4158 1102 4209 J
1115 4155 1139 4186 c.
1146 4155 1174 4208 p.
1180 4139 1240 4208 jam
1248 4134 1448 4204 comittutipsoe.
1503 4184 1508 4197 ,

395 4243 466 4276 nere.
479 4252 515 4262 -
530 4222 685 4274 Hominum.
701 4223 896 4274 llumanitatern
946 4221 1082 4290 soptiune
1099 4215 1158 4268 duee
1176 4213 1335 4268 membranae
1347 4210 1450 4264 diserte

396 4321 501 4355 omnem
518 4313 645 4353 exueruut
657 4301 785 4357 Thebani.
803 4306 833 4357 ln
846 4303 898 4356 hoc
945 4299 1078 4366 scribunt,
1101 4299 1216 4381 jamque
1239 4293 1340 4348 eminus
1366 4291 1452 4363 ipsoer
