3284 5162
397 481 461 563 404
629 483 665 546 r.
692 482 727 546 r.
752 478 908 548 srlru
933 483 1208 551 rur-:nunes

439 612 612 678 Dicentem
623 630 736 677 comes
747 631 838 700 aegra
848 607 953 692 levat,
965 627 1165 707 mutumque
1177 610 1329 683 dolorem

441 729 519 817 ipsa
529 723 668 814 premit,
681 745 809 790 saevum
821 720 972 812 gaudens
985 720 1154 814 planxisse
1165 741 1351 818 parentem.

484 831 697 901 Olim-autem
709 833 851 925 inceptae
863 833 1009 902 clamore
1023 839 1315 932 exterritapugnae
1360 917 1364 925 Ι

438 948 564 1038 Regina
576 943 741 1012 extulerat
752 961 870 1013 notum
878 945 1113 1039 ,penetralibus
1125 971 1257 1033 ensem,
1388 960 1445 1014 635

431 1061 563 1122 ·Ensem
574 1055 760 1148 sceptriferi
772 1053 918 1148 spolium
929 1053 1134 1125 lacrimabile
1145 1061 1226 1126 Laii.

437 1165 612 1261 Multaque
623 1190 729 1260 quum
741 1167 876 1258 Superis
888 1183 921 1233 et
932 1165 1006 1236 diro
1016 1184 1135 1263 questa
1148 1168 1267 1251 cubili,

438 1281 479 1343 Et
490 1279 559 1344 nati
570 1275 683 1358 furiis,
696 1292 729 1344 et
740 1278 840 1368 primi
851 1274 1004 1370 conjugis
1016 1277 1161 1361 umbris,

436 1395 576 1456 Luctata
588 1403 640 1455 est
649 1386 783 1469 dextra,
795 1403 829 1454 et
840 1411 948 1481 prono
960 1391 1015 1456 vix
1025 1406 1161 1482 pectore
1171 1390 1300 1460 ferrum

436 1503 577 1570 Intravit
586 1499 897 1582 tandem,et·venas
908 1505 1064 1593 prorupit
1073 1501 1179 1570 aniles
1382 1513 1441 1580 640

434 1612 585 1694 Vulnus,
597 1629 631 1680 et
642 1611 757 1680 infelix
769 1611 932 1681 lustratur
944 1615 1107 1706 sanguine
1118 1613 1234 1684 lectus

435 1724 530 1792 lllius
543 1723 621 1791 exili
634 1722 830 1792 stridentem
843 1726 877 1791 iu
890 1741 1025 1817 pectore
1037 1724 1171 1818 plagam

437 1842 569 1905 Ismene
581 1833 729 1927 collapsa
741 1857 843 1926 super
854 1833 1067 1930 lacrimisque
1081 1838 1253 1930 comisque

434 1943 584 2015 Siccabat
595 1943 760 2037 plangens
775 1971 781 2010 :
796 1942 905 2038 qualis
917 1942 1153 2012 Marathonide
1161 1943 1247 2012 silva

421 2133 482 2186 632.
498 2133 631 2184 Dicentem
641 2151 724 2184 comes
733 2151 801 2206 aepre
812 2133 888 2186 levet.
934 2125 1085 2212 le51legffic
1096 2146 1121 2187 et
1132 2153 1210 2187 venas
1217 2128 1335 2206 pmpit
1346 2129 1438 2184 aniles.

383 2211 443 2265 l'ut.
456 2231 540 2265 comes
550 2224 607 2263 utra
617 2211 803 2284 levat-llep.
814 2213 833 2264 B
843 2212 889 2264 ha·
969 2212 1029 2278 641.
1052 2211 1083 2266 V.
1100 2229 1122 2264 e.
1141 2213 1158 2264 i.
1175 2211 1299 2264 lustratur
1312 2211 1441 2282 sanquine

386 2291 430 2342 liet
446 2291 514 2343 hanc
526 2291 633 2342 lection.
645 2291 708 2360 Bag.
722 2289 743 2342 C
757 2305 838 2344 nostr.
853 2319 889 2331 -
934 2291 1020 2346 lectur.
1037 2291 1141 2345 Belrott.
1165 2307 1194 2356 t,
1216 2309 1245 2356 a,
1265 2291 1293 2342 in
1311 2291 1439 2363 renquiae

386 2368 455 2422 vide
465 2389 490 2440 p.
505 2370 567 2432 561,
579 2382 643 2420 tom.
655 2369 738 2420 lStat.
752 2381 820 2420 nost.
840 2369 887 2422 En.
930 2384 1034 2443 peetusr
1047 2371 1093 2424 sed
1106 2369 1197 2423 Behot.
1215 2388 1303 2442 r,pro
1313 2388 1338 2420 v.
1353 2369 1372 2420 l.
1385 2367 1438 2420 lra-

420 2449 483 2502 633.
496 2448 556 2519 Ipsa
563 2448 666 2518 prurit,
675 2463 767 2500 sevum
774 2448 890 2521 pardem
929 2450 978 2504 bet
992 2449 1077 2504 locun
1092 2448 1220 2503 Nonnulli
1236 2449 1370 2501 Barthiani
1385 2447 1438 2500 ha-

383 2527 515 2599 plnnxisse
526 2538 669 2598 parentem.
682 2527 747 2596 Reg.
760 2525 779 2575 Β
793 2524 886 2593 habet,
929 2529 1083 2583 hecteriam
1093 2521 1376 2602 pectem-humine.
1387 2528 1439 2580 Ex·

384 2605 444 2678 Ipso
454 2606 563 2677 premit,
574 2621 669 2656 sevum
681 2604 798 2676 pendent
808 2602 888 2676 plan·
931 2611 1028 2681 piatur.
1042 2608 1165 2661 rotinus
1179 2611 1251 2660 enim
1262 2609 1349 2660 luerat
1362 2607 1439 2658 ince-

383 2688 448 2738 xirse
455 2698 608 2758 parentem,
619 2686 682 2755 Reg.
698 2685 719 2736 C
731 2699 812 2737 nostr.
825 2685 884 2738 lect.
931 2701 974 2740 stu
989 2707 1049 2741 curn
1063 2688 1127 2741 lilio.

418 2763 733 2837 635.1te,ina.tocasu.
965 2767 1026 2835 644.
1044 2767 1138 2838 Qualis
1155 2765 1342 2820 Marathonide
1355 2765 1438 2834 silua,

417 2841 886 2915 637.Multaque.MultaqoeinDeos
931 2858 982 2899 etc.
1004 2845 1071 2900 Silva
1086 2847 1136 2898 fuit
1150 2865 1235 2918 prope
1249 2843 1437 2898 Marathonem

380 2925 537 2989 convitiate,
547 2935 572 2974 et
583 2921 616 2974 de
626 2923 726 2974 incesto
737 2920 818 2974 cubili
828 2922 886 2993 plu·
930 2926 1022 2978 Atticae
1042 2924 1148 2991 locum,
1167 2925 1214 2976 ubi
1237 2925 1336 2976 Icarius
1359 2937 1437 2996 pater

383 3005 477 3054 rimum
492 3014 648 3072 conquesta.
661 3003 788 3054 Lrerarr.
929 3003 1058 3075 Erigones
1074 3018 1209 3077 peremtus
1224 3005 1273 3055 fuit
1291 3023 1305 3054 a
1321 3007 1436 3074 pastori-

418 3083 479 3135 638.
492 3081 884 3135 Ριιήίε.Ρατι·ἰοί(Ιὶοειίηοεεῑο.
930 3077 990 3135 ltus.
1001 3082 1042 3134 ed
1053 3103 1131 3154 quem
1145 3083 1235 3134 locum
1247 3101 1327 3154 quum
1338 3101 1434 3154 perve-

417 3161 479 3229 639.
491 3161 599 3211 berleta
611 3159 758 3224 estdextre,
769 3170 885 3231 etprouo
930 3163 1011 3216 nisset
1024 3163 1151 3232 Erigone,
1167 3175 1299 3232 preeunte
1313 3177 1392 3226 cane,
1407 3173 1435 3212 et

380 3241 425 3292 vix
436 3251 538 3310 pectore
548 3239 659 3309 fernam.
675 3242 738 3311 llefl.
754 3241 774 3289 ll
788 3237 886 3304 habet,
929 3244 1158 3312 patremoccisurn
1167 3237 1283 3305 vidisset,
1296 3241 1376 3290 nimio
1388 3237 1435 3290 tlo-

380 3321 489 3372 heau
498 3332 534 3372 est
543 3320 649 3385 dextre,
663 3330 714 3369 etc.
726 3321 789 3388 Reg.
802 3315 824 3368 C
835 3337 886 3368 no·
929 3319 987 3372 lore
995 3322 1078 3388 ricta,
1088 3317 1218 3390 solaqueo
1227 3318 1259 3370 ed
1269 3318 1435 3370 arboremiu·

381 3413 460 3452 auam
469 3399 528 3451 lect.
540 3398 736 3450 En.—Luetata
745 3409 780 3449 est
786 3395 884 3448 dextra.
929 3398 1049 3463 terfecit,
1063 3397 1152 3450 electis
1167 3395 1321 3449 fortioribus
1337 3399 1433 3462 ramis,

380 3476 424 3530 Ob
442 3477 603 3530 debilitatem
620 3475 720 3527 scilieet
736 3493 843 3540 manue,
859 3488 885 3527 et
929 3495 963 3529 ne
974 3477 1042 3529 forte
1051 3473 1241 3527 infirmioribus
1252 3474 1343 3526 fractis
1355 3473 1433 3547 lapsu

381 3558 492 3608 senium.
507 3555 574 3606 Sunt
589 3567 616 3606 et
632 3567 752 3606 auctores
768 3557 813 3624 qui
826 3567 883 3604 tra·
928 3553 1435 3626 corporiamortemeffugeret.Pinupo-

381 3635 448 3687 dunt
463 3637 598 3688 incestam
613 3631 710 3704 laqueo
729 3634 809 3684 vitam
825 3633 885 3684 lini-
928 3646 999 3698 stes,
1011 3634 1039 3686 iu
1055 3651 1107 3704 qua
1120 3629 1295 3705 pependerat,
1311 3631 1381 3684 hauc
1393 3651 1433 3686 re·

380 3715 457 3767 risse.
926 3714 1050 3782 pionem,
1069 3715 1126 3783 ejus
1144 3711 1254 3780 umbra,
1274 3709 1429 3780 infestante,

414 3793 477 3860 640.
495 3791 609 3844 Intravit
625 3788 743 3856 medon,
761 3800 788 3841 et
808 3809 885 3845 venae
928 3792 1036 3859 incole,
1049 3791 1083 3844 ad
1095 3792 1242 3864 placandos
1256 3795 1313 3863 ejus
1327 3812 1433 3860 manes,

378 3875 500 3946 prorupit
513 3871 604 3924 aniles.
622 3893 634 3916 e
644 3873 673 3920 ln
688 3872 786 3942 majore
800 3870 884 3923 libro·
929 3871 1282 3945 oraiultumanamspeciem
1292 3873 1343 3943 ipsi
1353 3873 1434 3924 effor-

379 3974 436 4006 rum
444 3950 755 4025 purteimpitscribitur.
766 3952 883 4005 Nihilta·
928 3964 998 4003 mata
1015 3953 1042 4004 in
1062 3950 1155 4004 eatlem
1172 3951 1266 4004 arbore
1284 3950 1433 4024 suspende·

379 4029 614 4086 rnenmotandum.
628 4053 638 4077 ι
653 4034 748 4082 Birra.
760 4033 882 4083 Promm-
928 4043 1004 4098 runt,
1025 4050 1056 4083 ac
1073 4045 1212 4104 pastorum
1230 4033 1381 4103 frequentia
1399 4051 1431 4084 ae

376 4115 419 4185 pit
427 4110 511 4164 aniles
520 4111 688 4180 rut-neg.
700 4109 823 4176 Bhabet,
835 4113 882 4162 ln·
928 4109 1050 4164 cantibus
1067 4109 1137 4163 diem
1153 4109 1286 4164 celebrem
1300 4110 1431 4163 fecerunt.

381 4189 457 4242 travit
465 4189 578 4254 undem,
589 4188 882 4261 masperrumpiteni-
926 4188 968 4242 ad
979 4189 1051 4260 quod
1063 4191 1133 4243 forte
1143 4189 1237 4244 alludit
1246 4189 1387 4260 Virgilius,
1395 4188 1430 4253 G,
