3194 5156
389 458 455 524 566
597 461 631 524 r.
658 461 692 524 r.
717 460 871 526 srn'ru
896 439 1225 528 ncntnnntn'os

435 594 550 671 Ferre,
563 587 622 656 ubi
633 604 768 682 tempus
781 591 858 670 erit,
871 587 1085 683 clipeumque
1097 590 1137 657 iis
1146 586 1290 682 jungere
1302 587 1423 672 donis,

433 700 498 785 Qui
509 697 651 791 pulcher
666 700 785 791 signis,
797 721 948 793 auroque
960 700 1165 791 asperrimus
1177 699 1284 770 ardet.

435 814 514 876 Haec
526 824 705 877 saterunt:
720 825 832 878 tecum
844 806 928 876 lituo
939 809 1049 877 bonus
1061 809 1315 904 adsitAgyrtes,
1407 823 1448 876 50

433 920 675 1016 Occultamque
689 921 805 989 tubam
818 924 937 990 tacitos
948 937 1104 1014 apportet
1115 924 1150 988 in
1163 948 1282 992 usus„

481 1032 633 1113 Dixerat,
645 1047 746 1126 atque
759 1033 833 1125 ipso
845 1047 1019 1123 portarum
1033 1033 1068 1098 in
1080 1029 1197 1100 limine
1209 1057 1322 1126 regem

434 1143 564 1223 Cernit,
578 1159 611 1209 et
622 1159 755 1210 ostensa
772 1166 890 1234 pacem
904 1142 1068 1235 praefatur
1079 1141 1177 1210 oliva.

439 1282 452 1310 a
463 1256 602 1343 Magna,
614 1276 707 1336 reor,
720 1250 851 1346 pridem
863 1270 991 1322 vestras
1003 1257 1155 1347 pervenit
1167 1255 1210 1324 ad
1221 1279 1318 1323 aures

435 1367 536 1429 Fama
549 1366 652 1431 trucis
665 1364 758 1448 belli,
772 1389 889 1456 regum
900 1364 1140 1457 placidissime,
1153 1365 1244 1459 quod
1257 1389 1350 1434 nuuc
1408 1379 1448 1430 55

436 1477 673 1570 Europamque
686 1480 865 1571 Asiamque
877 1477 986 1570 quatit
1000 1503 1006 1542 :
1025 1479 1052 1544 si
1064 1478 1202 1545 nomina
1214 1500 1346 1572 quaeras

435 1588 511 1651 Huc
522 1584 650 1677 perlata
664 1584 809 1669 ducum,
822 1585 895 1653 fidit
906 1585 1029 1680 quibus
1042 1585 1131 1655 ultor
1143 1586 1290 1668 Atrides,

426 1769 468 1836 ts.
481 1769 569 1832 Ferre,
583 1771 629 1822 ubi
645 1781 745 1843 tempus
760 1774 823 1838 erit,
840 1772 892 1826 cli·-
972 1771 1015 1824 53.
1027 1773 1122 1840 Gemit,
1131 1785 1157 1826 et
1168 1784 1364 1844 ostensapacem
1375 1789 1449 1842 proe-

387 1865 519 1922 peumque
530 1852 561 1902 iis
565 1855 678 1923 junqere
689 1851 771 1904 donis.
782 1855 892 1925 ReggAE
931 1852 1011 1923 fatur
1020 1851 1100 1906 oliuu.
1111 1855 1186 1905 Unus
1197 1853 1324 1906 Bernartii
1335 1869 1448 1922 :pacem

390 1940 416 1978 et
430 1928 451 1979 C
465 1929 492 1982 F.
512 1949 538 1982 tt.
557 1933 677 2003 temporis
696 1932 746 1984 erit
762 1931 893 2003 clipeum·
934 1929 1412 2004 profuturoliua.—Req.Bhabet,C.
1422 1949 1448 1981 e.

390 2026 442 2082 que
453 2007 492 2060 his
498 2010 606 2082 pinpere
614 2010 689 2064 dorsis
701 2011 835 2065 exhibent.
846 2013 892 2064 En.
938 2030 963 2063 o.
979 2029 1072 2082 pacem
1091 2010 1217 2082 prefatus
1237 2009 1325 2071 oliua,·
1343 2010 1409 2078 Περ.
1427 2009 1451 2060 C

425 2087 470 2158 49.
485 2088 535 2156 Qui
547 2088 661 2161 pulcher
674 2089 766 2162 siquis,
782 2108 895 2162 auroque
938 2103 1056 2142 nostram
1065 2089 1125 2143 lect.
1136 2091 1183 2142 Eo.
1193 2119 1229 2130 -
1243 2091 1348 2146 Ostensa
1362 2086 1448 2140 oliuu.

391 2169 543 2237 asperrimus
567 2167 648 2220 ardet.
676 2171 733 2224 Put.
754 2170 896 2242 esperimus
938 2171 1012 2222 Hauc
1030 2168 1110 2240 legati
1128 2169 1265 2236 ferebant,
1285 2181 1314 2220 ut
1337 2166 1451 2240 symbo-

392 2244 552 2308 taem-Exn
565 2249 641 2318 Burg.
654 2249 806 2322 asperrimus
814 2248 895 2312 ardet,
938 2249 993 2302 lum
1007 2253 1081 2323 pacis
1100 2273 1106 2308 ;
1126 2248 1197 2302 unde
1217 2249 1336 2321 pacifera
1357 2249 1452 2320 poetis

392 2324 451 2373 etin
461 2342 598 2396 marq.pro
609 2345 633 2376 v.
646 2325 662 2379 l.
672 2326 852 2399 pulcerrimus.
860 2354 897 2365 -
939 2329 1043 2382 dicitur.
1055 2329 1196 2400 Virgilius,
1209 2331 1269 2382 AEu.
1285 2331 1360 2393 vltl,
1378 2327 1449 2380 116:

393 2402 457 2473 neg.
470 2403 490 2454 B
503 2403 598 2471 hebet,
614 2425 729 2478 auroque
743 2407 897 2476 asperrimus
942 2409 1138 2480 «Paciferaeque
1157 2426 1237 2460 mauu
1256 2425 1360 2460 ramum
1377 2423 1450 2476 prm-

394 2480 483 2544 hastas
495 2485 558 2554 qu.
568 2488 589 2538 C
601 2497 717 2536 nostram
731 2483 792 2537 lect.
805 2487 852 2536 En.
861 2514 896 2524 —
940 2487 1025 2540 tendit
1037 2487 1118 2540 olivae.
1130 2511 1141 2536 s

393 2561 516 2636 Auroque
533 2565 694 2635 asperrimus.
705 2564 748 2617 Ob
761 2563 895 2617 ceclaturas
977 2567 1019 2634 54.
1034 2568 1149 2642 Illepna,
1162 2583 1227 2632 reor,
1237 2564 1338 2637 pridem
1352 2573 1451 2616 vestras

394 2642 504 2695 scilicet.
524 2643 666 2715 Virgilius,
689 2645 748 2698 AEn.
773 2647 813 2710 V,
828 2644 894 2713 267:
939 2649 1059 2720 peruenit
1073 2649 1109 2700 erl
1120 2665 1200 2701 aures.
1219 2647 1283 2716 Reg.
1297 2643 1450 2717 Bpraebet,

397 2721 582 2795 «Cymbieque
594 2737 702 2794 argento
713 2724 846 2794 perlecta,
856 2735 897 2774 at·
941 2729 1058 2800 Mapna,
1073 2745 1141 2792 reor,
1152 2725 1306 2796 pridemque
1318 2736 1374 2776 tuus
1385 2741 1452 2794 per·

394 2802 896 2874 queasperasignis.»Pliniusloquens
942 2809 1011 2861 venit
1029 2807 1064 2859 ad
1085 2825 1175 2870 αμηςς
1199 2808 1263 2878 fleg.
1284 2805 1305 2858 C
1324 2803 1452 2860 eamdem

395 2879 429 2932 de
449 2881 574 2952 poculis:
594 2882 653 2936 «Eo
671 2893 746 2936 crant
763 2884 850 2934 excisa
869 2881 896 2932 in
941 2885 1059 2940 lectlln.

394 2963 596 3031 asperitatem.»
977 2965 1020 3019 56.
1032 2966 1216 3038 Europamque
1227 2963 1369 3033 Asiamque
1381 2981 1452 3034 qua·

430 3039 772 3092 5o.Hoecsaterunt.·tecum
780 3036 846 3092 lituo
855 3041 897 3091 bo·
942 3043 973 3094 tit
987 3062 995 3092 .·
1013 3044 1035 3095 si
1048 3039 1159 3096 nomina
1177 3059 1284 3113 quoems.
1301 3039 1453 3112 Asiamque

395 3137 442 3172 πω
448 3119 515 3172 adsit
521 3120 639 3192 Agyrtes.
652 3120 710 3170 Hoc
718 3119 807 3173 tuterit
816 3117 895 3170 codd.
939 3121 1036 3195 premit
1042 3124 1104 3174 Exc.
1112 3125 1189 3194 Durg.
1200 3120 1326 3190 —lleqq¹
1341 3121 1399 3172 Bet
1413 3119 1451 3184 C,

396 3199 594 3270 Lindenbrogii,
612 3197 709 3251 Buslid.
728 3199 845 3270 Lipsiau.
871 3211 897 3250 et
941 3203 991 3274 Eq.
1010 3201 1061 3273 Aq.
1081 3223 1107 3274 q.
1124 3202 1146 3254 si
1160 3200 1269 3252 nomina
1280 3200 1353 3270 forte
1374 3197 1452 3250 exhi·

393 3280 609 3348 Venett.-Reg.
620 3280 640 3329 B
650 3276 773 3341 exhibet,
786 3278 897 3330 Hoecsut
941 3277 1014 3330 bent.
1029 3281 1077 3331 En.
1095 3309 1131 3320 -
1153 3279 1246 3350 quatit.
1259 3275 1372 3347 Elegans
1384 3294 1452 3328 ver-

391 3362 459 3412 erit:
474 3369 555 3410 tecum
569 3357 635 3411 lituo
646 3359 725 3410 bouus
738 3357 897 3428 adsitAcyr-
943 3374 1003 3421 sus,
1029 3373 1124 3408 sonum
1144 3355 1233 3425 magni
1254 3352 1384 3407 tumultus
1405 3353 1452 3404 in·

394 3453 446 3501 tcs‚·
465 3441 527 3510 Refl.
547 3441 568 3491 C
586 3451 703 3490 nostram
718 3439 779 3490 lect.
795 3440 842 3490 Eu.
861 3467 898 3477 -
942 3436 1040 3487 ferens,
1061 3464 1097 3473 -
1118 3434 1236 3487 Nomina
1260 3451 1369 3506 quoeras.
1399 3432 1452 3499 si,

392 3521 469 3573 Lituo
485 3521 574 3571 bouus.
587 3519 705 3584 Peritos,
717 3515 820 3568 doctus.
838 3516 897 3568 Vir·
941 3515 1042 3586 inquit,
1056 3530 1249 3582 eorumrequm
1260 3509 1384 3562 audivisti
1400 3528 1454 3561 no·

390 3596 895 3671 piliu⁸‚sscl.v‚1,vcurnon,M0pse‚
940 3594 1028 3657 mina,
1047 3590 1143 3664 quibus
1157 3591 1324 3662 potissimum
1337 3587 1454 3640 confidit

391 3679 457 3731 boui
474 3680 598 3748 quoniam
613 3679 782 3728 convenimus
800 3673 894 3736 ambo,
940 3677 1143 3743 Agamemnon,
1174 3670 1217 3722 hic
1242 3684 1280 3722 est
1304 3667 1454 3722 Diomedes

391 3754 741 3822 Tucalamosinflareteves,
750 3753 896 3826 egodicers
941 3771 1010 3805 unus
1026 3771 1057 3804 ex
1068 3749 1118 3804 illis
1130 3753 1168 3803 vir
1179 3751 1352 3814 fortissimus,
1368 3767 1454 3822 quem

391 3857 485 3904 versu,
495 3850 544 3889 etc.
556 3836 896 3910 v-Apyrtes.l⁴“ictumuo·
939 3831 1047 3906 Tydeus
1067 3831 1158 3904 genuit
1173 3830 1307 3882 meliorem
1323 3827 1357 3880 de
1372 3843 1454 3884 tanta

390 3916 765 3984 menrubicinieabiyuptts‚
775 3915 847 3986 quod
857 3929 896 3968 est
940 3916 1039 3984 stirpe,
1051 3911 1078 3963 id
1090 3924 1129 3966 est
1138 3911 1171 3964 de
1188 3912 1261 3964 omni
1275 3909 1356 3964 turba
1374 3912 1456 3964 Gra-

390 4016 525 4074 conpreqo.
940 4010 1049 4058 corum,
1069 3993 1144 4063 quasi
1155 3989 1226 4042 dicat
1237 3987 1271 4041 de
1285 3990 1360 4040 omni
1375 3988 1455 4040 Grae-

427 4081 469 4132 51.
489 4079 598 4132 Tacitus.
612 4078 746 4142 Privatos,
760 4088 893 4142 secretos,
940 4090 1032 4126 corum
1055 4071 1222 4124 multitudine
1245 4069 1392 4124 Diomedes
1413 4085 1456 4126 est

390 4175 445 4214 uon
458 4170 563 4232 apertos
578 4176 609 4210 ac
621 4153 751 4230 publicos.
939 4153 1112 4226 prestantior.
1126 4154 1247 4205 Bntrtsn.
