3256 5160
416 521 482 603 434
653 517 688 580 r.
715 517 750 578 r.
777 513 934 580 samu
958 513 1234 581 ruessroos

462 651 567 714 Nocte
578 643 673 712 velut
684 640 829 736 Phrygia
842 665 950 736 quum
962 639 1146 710 lamentata
1156 639 1321 710 resultant

460 761 646 854 Dindyma,
659 759 804 853 pinigeri
818 758 950 849 rapitur
962 758 1141 826 Simoentis
1153 753 1196 824 ad
1207 779 1344 825 amnem
1415 769 1465 820 225

459 881 538 942 Dux
547 895 672 940 vesana
684 869 796 953 chori,
809 865 909 961 cnjus
921 873 992 936 Dea
1003 869 1168 962 sanguine
1180 867 1267 936 lecto

460 989 539 1078 Ipsa
551 981 645 1050 dedit
654 981 798 1062 ferrum,
811 997 846 1048 et
857 982 973 1048 vittata
985 980 1096 1048 fronte
1107 982 1247 1048 notavit.

339 1218 342 1227 '
447 1207 508 1275 aad.
520 1209 605 1262 Nocte
614 1204 686 1258 veliet
697 1204 824 1280 Phrygia.
834 1205 915 1257 Sacra
959 1221 1010 1258 nus
1021 1205 1181 1276 Eutropium
1192 1199 1352 1256 ennuchum.
1363 1202 1464 1254 Dicitur

410 1291 502 1342 matris
512 1301 592 1339 noete
603 1284 915 1356 Phrygibuscolebantnr
959 1283 1052 1336 clanis
1059 1282 1173 1356 piniger,
1182 1282 1253 1356 qnod
1263 1281 1332 1334 Galli
1343 1281 1464 1336 sacerdo·

409 1363 915 1439 inmontoDindymo,inquibusscGal·
960 1375 999 1416 tes
1022 1365 1101 1434 pinus
1127 1362 1267 1428 ferebant,
1292 1361 1388 1433 quibus
1413 1361 1463 1414 sibi

407 1447 426 1500 li
445 1444 601 1500 abscindere
617 1458 819 1497 consueverant.
834 1441 915 1510 Quod
958 1457 1052 1515 pectus
1078 1441 1242 1507 tundebant,
1263 1454 1292 1494 ut
1314 1441 1462 1494 notavimus

407 1545 492 1598 genus
514 1523 637 1578 sacdlicii
658 1523 768 1576 strictim
788 1521 913 1592 Virgilius
958 1525 1088 1594 superiori
1096 1521 1328 1592 lib.-Cuijea
1336 1523 1462 1594 sanquine

409 1607 508 1678 tetigit,
517 1605 576 1656 AEn.
586 1603 638 1668 lX,
652 1603 703 1672 617
714 1624 719 1652 r
737 1603 794 1654 rite
803 1599 912 1674 peralta
959 1602 1034 1655 lecto.
1048 1603 1129 1673 Cujus
1146 1603 1276 1672 sanguine
1287 1595 1343 1654 vult
1360 1601 1462 1673 placari

408 1685 571 1756 Dindyma·
588 1684 716 1734 Lucrina.
958 1679 1063 1752 Cybele.
1075 1682 1133 1732 Vei.
1146 1679 1235 1732 schol.
1244 1683 1273 1732 ln
1283 1679 1461 1751 optimolihro

444 1761 504 1815 225.
517 1760 668 1832 Dindyma,
681 1758 797 1832 piniperi
812 1759 914 1830 rapitur
958 1761 1011 1812 alia
1025 1774 1065 1812 est
1076 1759 1174 1812 lectio:
1188 1762 1283 1833 Cuijus
1295 1761 1461 1834 Deusangui-

406 1842 546 1896 Simoentis
568 1839 603 1891 ad
625 1856 739 1891 amnem.
761 1839 912 1890 Gronovius
957 1859 990 1892 ne
1007 1840 1074 1893 lecto
1093 1841 1153 1911 Ipsa
1172 1840 1243 1892 dedit
1255 1840 1333 1911 ferri.
1348 1841 1408 1891 Non
1422 1853 1461 1893 est

406 1928 477 1995 conj.
490 1920 630 1974 Simoentis
637 1919 673 1971 ad
686 1918 784 1970 undam
797 1919 859 1970 Dux
871 1937 913 1969 ve·
956 1919 1075 1971 fortassis
1098 1918 1267 1972 librariorum
1286 1931 1331 1970 aut
1351 1932 1461 1972 nasuta-

405 2022 467 2058 sane
488 2001 569 2054 riori.
591 2029 627 2040 -
644 1999 792 2054 Simoentis.
816 2001 912 2053 Simois
955 2015 1015 2050 rum
1023 1997 1161 2050 hominum
1170 1997 1461 2071 bacscriptnra,quum

405 2081 518 2134 Troadis
533 2079 642 2145 fluvius,
655 2079 700 2150 qui
715 2095 746 2130 ex
758 2077 805 2128 lda
819 2091 910 2130 monte
956 2075 989 2128 de
1001 2077 1235 2148 Modimperatrice
1254 2095 1391 2130 sacrorum
1410 2077 1461 2130 bo-

406 2160 498 2214 defluit
505 2161 532 2212 in
540 2177 633 2229 agrum
640 2159 800 2228 Trojanum,
812 2159 911 2209 ermari
956 2173 1015 2208 rum
1030 2156 1115 2209 clarus
1132 2160 1165 2208 sit
1178 2175 1273 2208 sermo.
1289 2155 1361 2208 Nihil
1373 2171 1460 2210 tamen

404 2235 661 2305 vicinus,labiturin
669 2235 910 2307 Xanthum,atque
955 2249 1098 2288 mutamus.
1117 2235 1255 2287 literatos.
1268 2265 1304 2275 —-
1325 2236 1463 2308 Sanguine

405 2323 432 2372 in
441 2317 569 2391 paludem
579 2319 696 2386 cogitur:
708 2313 804 2368 deinde
815 2315 841 2366 in
851 2312 912 2366 Hel·
957 2315 1032 2367 lecto.
1055 2316 1099 2366 His
1120 2314 1208 2366 verbis
1229 2317 1339 2368 innuere
1357 2315 1461 2370 videtur

405 2399 566 2470 lespontom,
574 2413 658 2467 prope
667 2395 777 2464 Signum
786 2396 911 2445 l'romon·
953 2396 1080 2466 Papinius
1090 2393 1219 2447 fanaticos
1230 2394 1290 2448 illos
1301 2394 1413 2467 Cybeles
1423 2413 1462 2448 se·

404 2481 516 2545 torinna,
528 2496 556 2530 se
566 2487 703 2528 exonerat.
713 2477 737 2526 N
740 2492 793 2526 uno
805 2475 911 2526 chisime
955 2475 1090 2543 cerdotes,
1097 2478 1252 2546 sanguinem
1262 2478 1307 2547 qui
1316 2479 1402 2530 scissis
1410 2479 1461 2530 fer·

404 2559 511 2612 dicitnr.
529 2558 575 2609 Eo.
954 2574 985 2607 ro
1012 2555 1129 2608 brachiis
1151 2555 1319 2626 profluebat,
1338 2558 1367 2609 in
1397 2576 1459 2612 rasa

442 2637 502 2690 ²26.
516 2651 575 2704 ²²7·
587 2633 647 2684 Dur
657 2651 750 2684 vesana
763 2631 837 2684 clrori
844 2672 853 2699 ,
865 2651 910 2684 ca·
955 2635 1074 2708 quedam
1089 2634 1241 2706 collegisse,
1262 2653 1342 2708 quern
1359 2635 1461 2692 scilicet

397 2721 445 2790 jas
465 2715 521 2767 Dea
536 2714 662 2785 sanguine
677 2710 743 2763 lecto
764 2711 824 2782 Ipsa
841 2713 911 2765 dedit
954 2715 1460 2790 Deaeofferrent.Quodconiirmaripo·

405 2797 520 2864 fenum,
528 2804 554 2846 et
564 2792 655 2843 vittata
659 2790 753 2861 fronte
761 2790 871 2842 notavit.
880 2793 909 2842 ln
956 2808 1006 2847 test
1017 2796 1079 2848 loco
1092 2795 1190 2849 Valerii
1202 2793 1290 2850 Flacci
1299 2801 1399 2869 Argon.
1410 2798 1457 2852 lib.

405 2876 513 2949 optimis
525 2871 625 2924 Bartbii
636 2869 796 2921 membranis
807 2870 910 2942 :cuijus
955 2877 1005 2941 ΙΙΙ,
1015 2897 1040 2928 r.
1053 2876 1100 2928 231
1114 2889 1140 2928 et
1150 2895 1206 2949 sqq·
1219 2877 1267 2930 ubi
1276 2896 1358 2948 agens
1370 2877 1404 2931 de
1416 2879 1459 2931 ἧς.

404 2960 461 3010 Dee
471 2955 600 3030 sanguine
612 2953 678 3004 lecto
687 2953 747 3024 Ipsa
755 2950 826 3002 dedit
831 2950 909 3022 ferri,
955 2953 1015 3006 dem
1031 2955 1152 3009 fanaticis
1167 2953 1222 3008 bac
1234 2954 1298 3010 dicit
1311 2979 1317 3007 ε
1333 2979 1345 3004 ι
1357 2959 1389 3010 Et
1399 2957 1459 3012 bar·

405 3052 456 3090 eto.
467 3036 570 3087 -Dux
579 3052 671 3087 cesaria
681 3031 762 3084 chori.
773 3030 909 3103 Archigal·
955 3033 1019 3088 bara
1031 3034 1117 3088 buxus
1128 3036 1155 3088 Si
1166 3048 1257 3098 vocet,
1270 3049 1295 3088 et
1309 3039 1387 3090 motis
1400 3037 1459 3092 ulu-

404 3110 800 3184 lnmintelligit,etvocatillum
809 3109 910 3168 aaut&
953 3112 1035 3166 lautia
1047 3114 1280 3188 Dindymasacris,
1290 3117 1367 3170 Tunc
1376 3119 1457 3184 ensis,

408 3220 419 3242 ι
432 3195 526 3248 ducem
537 3211 661 3246 vesanam
675 3189 764 3255 chori,
777 3213 788 3236 ι
801 3209 857 3242 non
869 3209 910 3242 so·
953 3191 1111 3264 placeatque
1123 3195 1210 3256 furor;
1220 3194 1301 3246 modo
1314 3194 1459 3250 telasaeer·

405 3275 461 3328 lum
476 3275 538 3347 quia
555 3283 684 3324 castratus
701 3282 771 3335 erat,
784 3269 832 3322 sed
848 3271 910 3342 quia
954 3271 1003 3324 dos
1016 3275 1148 3343 Porrigat,
1159 3288 1185 3326 et
1194 3277 1266 3343 justa
1276 3276 1384 3346 sanguis
1394 3293 1457 3330 exu-

405 3351 528 3406 muliebri
541 3349 635 3402 habitu
652 3346 760 3401 indutus
775 3362 840 3400 crat.
859 3349 910 3399 Lu·
953 3351 1027 3404 beret
1049 3367 1152 3406 urna-r
1176 3352 1302 3406 Videmus
1326 3358 1404 3408 etiam
1427 3358 1456 3410 in

405 3434 498 3488 cianus
512 3431 582 3484 enim
594 3442 719 3494 testatur,
735 3430 807 3499 ipsos
818 3427 909 3480 Gallos
954 3431 1129 3486 Miscellaneis
1140 3432 1221 3485 Erud.
1231 3435 1458 3508 Antiquitatisdo·

405 3513 502 3566 sestitn
524 3508 648 3562 muliebri
669 3527 732 3562 usos
760 3509 857 3574 fuisse,
884 3521 910 3560 ct
954 3513 1458 3587 ctissimiSponmediciLngdunensis,

404 3589 542 3646 Gallorum
554 3590 637 3644 choro
648 3588 758 3642 teminas
770 3589 908 3641 immistas.
954 3594 1100 3646 fanaticum
1113 3597 1309 3666 repraesentari,
1325 3609 1456 3650 tenentem

404 3669 515 3728 Ovidius
526 3668 621 3723 eodem
635 3667 837 3720 modol‘haedrae
848 3669 910 3738 Epi·
954 3673 1181 3727 manuvasculum
1196 3671 1339 3746 quoddam.
1359 3679 1402 3728 An
1421 3675 1457 3730 ad

403 3749 487 3818 stols,
496 3751 545 3822 Ep.
557 3752 635 3816 1V,v.
645 3748 678 3814 48
692 3767 698 3797 =
711 3769 721 3794 ι
732 3747 908 3818 Quaquesub
953 3749 1025 3804 huno
1048 3770 1127 3806 mum
1145 3751 1286 3822 colligendi
1306 3757 1456 3828 sanguinis,

402 3831 473 3884 Idaeo
489 3845 613 3905 tympana
628 3827 696 3881 colle
712 3841 829 3880 movent.
845 3852 855 3875 ι
870 3827 909 3882 tbi
955 3829 1036 3882 arrad
1057 3830 1203 3902 cogendam
1221 3832 1333 3902 stipem,
1352 3833 1457 3888 mendi-

402 3915 474 3980 apim
485 3923 576 3983 argnto
587 3907 678 3962 Gallos
694 3921 821 3978 tanquam
836 3909 909 3960 femi·
952 3910 1048 3962 cabant
1062 3913 1131 3964 enim
1145 3911 1216 3964 Idam
1238 3915 1330 3968 matris
1348 3913 1457 3978 famuli,

402 4010 450 4045 nas
468 3987 603 4044 describit.
620 3986 709 4040 Gallae
728 3986 807 4038 simili
826 3987 907 4040 modo
951 3989 1146 4060 incompertum
1164 3989 1260 4044 babeo.
1271 4020 1308 4030 -
1321 3992 1386 4049 Dea.
1402 3993 1457 4064 Cy-

391 4069 523 4130 ‚canatur
533 4071 561 4120 in
572 4063 721 4120 Galliambo
730 4067 849 4132 vocarit,
859 4065 905 4118 ubi
949 4065 1018 4122 bele.

402 4150 502 4224 passim
521 4146 601 4212 ludit,
617 4146 699 4216 Attyn
718 4156 844 4216 tanquam
865 4147 905 4198 fe·
987 4165 1047 4219 ²²7·
1068 4147 1168 4202 Vitiata
1176 4145 1279 4217 fronte.
1297 4151 1368 4206 Vitta
1384 4153 1456 4206 enim

349 4270 352 4277 .
401 4232 501 4282 minam
516 4223 683 4290 describens,
699 4237 728 4276 ut
744 4237 769 4276 et
781 4222 905 4278 Claudia·
950 4226 1052 4296 insigne
1063 4225 1209 4278 sacerdotii.
