3194 5156
582 521 723 586 LIBER
749 522 775 585 Ι.
1136 519 1200 588 553

203 652 278 713 AEra
289 661 417 714 tacent:
433 662 547 714 tenero
562 669 670 740 quum
684 645 776 714 solus
787 644 830 712 ab
844 649 976 739 agmine
987 643 1132 714 Achilles

200 759 281 823 Haec
296 779 427 825 secum:
450 761 629 843 «Quonam
642 755 768 824 timirlre
782 773 972 826 commenta
983 760 1131 850 parentis

202 870 317 959 Usque
330 866 436 934 feres?
450 868 665 960 primumque
677 864 803 934 imbelli
814 889 947 934 carcere
962 865 1082 959 perdes
1124 867 1132 926 ἶ
1147 877 1200 933 625

202 974 334 1043 Florem
349 980 472 1044 animi?
486 1000 555 1044 non
568 974 634 1044 tela
646 975 723 1045 licet
738 979 901 1046 Mavortia
912 978 1045 1059 dextra,

202 1090 277 1152 Non
289 1085 436 1179 trepidas
450 1089 575 1179 agitare
585 1075 692 1155 feras?
705 1087 763 1155 ubi
775 1111 914 1181 campus
927 1104 960 1155 et
970 1111 1088 1156 amnes

202 1199 384 1265 Haemonii?
397 1201 563 1292 quaerisne
576 1223 686 1280 rneos,
699 1200 870 1291 Sperchie,
881 1216 1032 1283 natatus,

202 1310 452 1402 promissasque
463 1315 595 1378 comas?
606 1335 651 1377 an
663 1309 843 1379 desertoris
857 1311 986 1378 alumni

202 1415 323 1485 Nullus
332 1418 667 1514 honosPStygiasque
677 1419 873 1514 procnljam
883 1438 999 1514 raptus
1008 1419 1050 1488 ad
1062 1421 1199 1488 umbras

201 1533 319 1600 Dicor?
333 1548 366 1599 et
378 1532 515 1600 orbatus
530 1532 659 1625 plangit
673 1557 746 1601 mea
756 1535 875 1601 funera
888 1535 1032 1602 Chiron?
1146 1548 1193 1602 63ι

199 1646 255 1709 Τιι
267 1667 359 1711 nuno
372 1642 436 1711 tela
450 1668 571 1726 manu,
584 1663 717 1714 nostros
732 1663 770 1713 tu
781 1645 896 1738 dirigis
910 1669 1027 1727 arcus,

201 1756 419 1849 Nutritosque
433 1754 514 1822 mihi
530 1754 677 1838 scandis,
692 1754 856 1840 Patrocle,
867 1754 1015 1848 jugales:

199 1868 263 1932 Ast.
273 1887 334 1956 ego
348 1866 536 1956 pampineis
551 1864 743 1934 diffundere
755 1864 891 1934 brachia
906 1865 1048 1958 thyrsis,

200 1975 242 2040 Et
258 1988 396 2041 tenuare
414 1973 519 2056 colos,
535 1974 642 2068 pudet
657 1975 741 2058 heu,
755 1976 924 2072 taedetque
938 1977 1048 2043 fateri!
1146 1990 1198 2043 635

154 2159 256 2229 scriptis
267 2162 384 2231 profert:
397 2161 571 2236 psallamque
582 2183 653 2216 exer·
699 2179 745 2218 unt
763 2164 873 2218 barbam
895 2183 969 2218 suam
986 2177 1101 2216 voveret.
1121 2164 1197 2214 Lacr.

152 2237 204 2287 eita
214 2236 308 2309 plausu
312 2261 322 2302 ;
335 2240 508 2312 quadrarum
522 2256 605 2313 putat.
617 2274 653 2283 —
697 2275 733 2284 -
744 2247 890 2299 Promissus.
902 2247 959 2296 lloc
972 2256 1024 2309 ast,
1035 2261 1065 2294 es
1075 2242 1198 2307 historia,

153 2317 216 2390 Reg.
232 2320 354 2388 Chabet,
369 2335 479 2376 canunt
490 2338 652 2392 correctum,
697 2343 759 2376 nam
772 2325 817 2396 (ut
836 2323 933 2386 scribit
945 2321 1089 2394 Homerus)
1107 2319 1199 2375 Peleus

150 2396 247 2467 pulsu,·
262 2401 323 2470 Reg.
339 2399 488 2454 Cnostram
502 2401 562 2452 lect.
580 2403 626 2453 En.
696 2403 823 2475 Sperchio
848 2422 952 2456 comam
973 2401 1065 2454 flavam
1091 2398 1199 2453 achillis

187 2477 248 2531 623.
261 2483 327 2534 AEra
340 2493 434 2534 tacent.
446 2485 509 2553 Reg.
526 2480 651 2550 libabat,
696 2485 869 2554 promiserat,
887 2483 909 2534 si
925 2484 947 2533 is
964 2500 978 2532 e
995 2478 1065 2532 bello
1082 2481 1199 2550 Trojano

151 2556 215 2610 AEre
226 2569 326 2620 taem,-
337 2562 401 2631 Reg.
415 2562 435 2613 C
448 2574 517 2613 nost.
532 2560 592 2614 lect.
603 2562 650 2614 En.
695 2561 723 2612 in
736 2563 849 2632 patriam
864 2559 1003 2612 incolumis
1014 2570 1198 2623 reverteretur,

151 2665 188 2676 -
202 2639 275 2689 AEra.
295 2638 435 2710 Cymbala,
450 2658 508 2711 quae
525 2641 553 2691 iu
571 2642 650 2694 sacris
697 2659 777 2713 qnam
786 2659 889 2694 comam
900 2640 1014 2693 Achilles
1021 2637 1142 2691 Patroclo
1153 2637 1197 2690 de·

151 2715 248 2767 Bacchi
258 2717 443 2790 pulsabantur.
664 2733 666 2738 '
695 2722 788 2774 functo
803 2721 911 2792 largitus
924 2733 971 2772 est.
984 2749 1020 2758 —
1033 2719 1075 2770 An
1088 2719 1199 2770 deserto-

186 2794 248 2860 624.
273 2797 403 2864 Quonam.
424 2799 525 2852 Tmesis
546 2812 604 2866 est,
624 2799 652 2852 id
695 2800 849 2853 risalumni.
860 2803 899 2850 An
910 2817 951 2849 rue
961 2795 1140 2869 impudentem
1152 2815 1198 2866 ap·

151 2886 191 2926 est
202 2879 421 2946 quonamusque?
440 2880 560 2931 Barrartrt.
694 2878 795 2950 pellant
807 2877 958 2939 alumnum,
972 2878 1017 2946 qui
1029 2873 1133 2926 deserui
1145 2891 1198 2926 ma·

186 2952 247 3006 625.
271 2954 300 3005 U.
309 2953 335 3024 s.
347 2973 392 3026 pq.
408 2956 427 3006 i.
444 2975 543 3009 earcere
552 2957 649 3027 perdes.
694 2959 804 3026 flistnrm
817 2953 922 3007 meum?
936 2953 1010 3006 Ordo
1023 2965 1077 3005 est:
1095 2953 1136 3003 An
1157 2951 1198 3003 di-

149 3033 214 3102 lleg.
229 3029 356 3097 Bhabet,
367 3052 467 3085 earcere
478 3034 649 3106 perdisrlleg.
695 3053 741 3086 cor
756 3053 813 3087 esse
830 3032 917 3085 nullus
928 3032 1015 3084 honos
1030 3031 1130 3084 alumni
1149 3030 1197 3084 de-
1248 3051 1253 3068 ·

150 3113 172 3165 C
185 3127 302 3166 nostram
315 3114 375 3166 lecti
393 3117 439 3167 Eu.
695 3115 819 3166 sartoris?
830 3127 859 3164 ut
873 3111 998 3178 dicimus,
1013 3111 1101 3163 nullus
1111 3111 1197 3162 honos

185 3192 246 3246 628.
266 3193 415 3245 Hoemoniii’
427 3193 553 3266 quoerisne
565 3213 648 3262 meos,
695 3193 768 3263 impii
783 3190 915 3263 discipuli.
935 3193 1058 3242 Barrauu.

148 3269 282 3341 Sperchie,
295 3281 406 3324 natatus.
418 3271 541 3344 Sperchio
552 3283 650 3326 meatus
717 3269 791 3322 v633.
819 3267 948 3321 Patrocle.
972 3269 1038 3320 Nam
1061 3267 1196 3321 Patroclus

148 3347 237 3400 Petav.
248 3377 283 3387 —
292 3350 354 3420 Reg.
366 3348 508 3420 Bpraebet,
521 3368 649 3424 putaresne
695 3365 775 3419 quum
788 3348 1007 3417 OpunteAEauern
1016 3363 1126 3417 puerum
1138 3350 1198 3399 Διιι-

148 3443 234 3492 meos,
254 3427 390 3499 Spurium,
411 3439 529 3490 ιιαιαιιιις
546 3429 609 3496 Reg.
627 3428 649 3480 G
693 3425 871 3498 phitlarnantis
885 3425 966 3476 lilium
982 3426 1063 3476 iratus
1077 3427 1146 3477 inter
1157 3424 1196 3476 ln·

148 3494 334 3559 nostramlect.
346 3507 572 3580 En-Sperelrie.
586 3508 649 3560 Flu·
692 3503 809 3556 dandum
828 3505 998 3575 peremisset,
1019 3505 1195 3575 confugisset-

147 3587 205 3637 vius
219 3599 257 3638 est
268 3585 421 3652 Thessalia,
432 3589 460 3638 in
473 3605 549 3660 quern
564 3605 591 3639 aa
604 3587 648 3640 de·
694 3601 744 3655 que
755 3582 789 3634 ad
799 3581 903 3636 Peleum
916 3581 960 3650 (ιιι
972 3582 1062 3634 scribit
1072 3583 1195 3654 Homer.)

147 3663 389 3734 mittebatpubente
397 3666 553 3731 Chirone,ut
561 3667 648 3737 aptior
694 3661 727 3713 ab
737 3681 770 3714 eo
780 3680 833 3713 ana
843 3680 903 3713 cum
914 3662 1016 3720 Achille
1027 3660 1080 3714 lilio
1091 3663 1125 3714 ad
1133 3663 1194 3715 Chi-

147 3759 217 3798 esset
229 3744 262 3797 atl
272 3745 452 3798 sustinendum
463 3764 592 3818 aquarum
602 3748 649 3797 im·
692 3760 784 3793 ronam
796 3744 889 3793 missus
902 3755 956 3807 est,
970 3753 998 3793 ut
1011 3740 1107 3793 eisdem
1120 3743 1194 3813 pari·

146 3836 253 3893 petum=
267 3823 318 3876 hoc
329 3823 513 3878 ostenditurin
526 3823 578 3876 fine
588 3843 649 3897 ope·
693 3835 734 3873 ter
752 3821 870 3874 moribus
889 3834 914 3873 et
931 3819 1077 3894 disciplinis
1091 3823 1194 3874 imbua-

147 3903 191 3952 ris.
211 3903 334 3955 Barraaa.
691 3913 792 3954 rentur.
813 3903 933 3952 Barraart.

183 3980 244 4050 629.
265 3982 455 4055 Promissasque
469 3999 562 4035 comas.
576 3983 648 4034 Cou-
727 3980 789 4032 635.
799 3981 836 4033 Et
844 3993 948 4032 tenuare
957 3978 1035 4043 colos,
1041 3979 1121 4051 pudet
1129 3979 1191 4044 teu,

147 4055 262 4108 suetudo
275 4060 345 4109 euim
355 4073 411 4112 erat
423 4059 495 4131 apud
508 4061 646 4130 antiquos,
692 4061 817 4134 toedetpue
828 4059 927 4130 fateri!
949 4060 1012 4128 fleg.
1035 4059 1056 4109 B
1071 4057 1192 4122 exhibet,

146 4149 177 4186 ut
191 4138 264 4206 quis,
278 4151 360 4208 prout
369 4138 473 4190 libitum
485 4153 552 4206 erat,
563 4138 648 4191 diver·
691 4149 717 4191 et
729 4150 834 4191 terram
847 4138 918 4192 colus
926 4139 1008 4210 pudet
1022 4137 1090 4205 lroee,
1105 4151 1131 4190 et
1146 4155 1191 4190 su-

146 4215 647 4286 siaDeabus,vellluminibuscrinem,
692 4237 740 4290 pra
758 4231 920 4286 correctum,
937 4218 987 4270 lieu
1003 4217 1129 4291 taedetque
1142 4216 1191 4288 fa·
