3284 5162
406 508 473 592 sto
805 507 1062 574 Excessus.

343 673 349 680 -
404 641 464 690 nius
476 636 682 690 animadvertere
692 635 853 704 voluissent,
867 638 894 688 in
906 635 1047 710 principiis
1061 637 1217 707 anguinum
1230 640 1370 693 toletum.»
1386 638 1453 692 Dico

404 732 593 790 nonnunquam
600 755 610 785 ,
625 719 687 790 quie
699 729 728 770 ut
739 719 766 769 in
778 715 886 790 oppidis
899 714 1091 769 animadversio
1104 729 1177 769 estre
1187 730 1293 786 nutus,
1303 718 1350 772 ubi
1360 733 1386 772 et
1395 733 1453 772 ctr-

404 801 476 852 nites
492 813 519 852 et
533 795 693 870 vespillones
712 795 886 864 babitabant,
900 795 1027 867 (Cicero,
1045 815 1095 870 pro
1112 798 1235 861 liabiriot
1253 799 1452 864 Artemidorus,

402 879 449 932 lib.
463 882 489 945 l,
501 895 561 952 cap.
575 881 606 948 43
621 875 742 943 Tacitus,
754 876 850 930 Annal.
863 879 917 944 xt,
927 875 1083 948 videnter),
1097 879 1134 930 ita
1150 876 1217 931 sliat
1233 881 1260 930 in
1273 881 1367 932 castris
1378 891 1451 932 extra

400 958 510 1012 sallum.
525 959 639 1012 Goutds
650 959 777 1012 &uerum
789 957 823 1011 de
835 959 890 1025 lrs,
904 955 949 1010 tib.
962 961 989 1024 l,
1001 975 1060 1030 osp.
1075 959 1114 1010 tii.
1128 959 1250 1011 Taciturn
1263 959 1358 1011 dunel.
1370 961 1449 1030 t,67.

402 1041 515 1092 Hirtium
525 1038 559 1093 de
571 1038 643 1092 Bello
652 1039 797 1102 Africano,
809 1037 1002 1110 Celplturniunt
1012 1036 1213 1091 Declamatione
1223 1037 1285 1104 vti,
1298 1041 1324 1090 in
1336 1040 1393 1111 ipso
1408 1053 1450 1091 ar-

400 1133 536 1190 gumento.
557 1115 683 1173 beessus.

435 1295 497 1349 326.
519 1295 616 1366 Quarta
629 1293 778 1367 soponfferoe
791 1293 948 1364 superabant
961 1301 1076 1364 tempora
1090 1293 1169 1345 nocti.
1185 1293 1293 1346 Veteres
1304 1307 1409 1346 noctem
1422 1297 1448 1346 iu

401 1388 515 1447 quatuor
528 1369 628 1444 vigilias
642 1371 798 1426 distribuere
814 1365 922 1438 solitos,
937 1383 1029 1444 mnes
1044 1373 1131 1424 sciunt
1150 1391 1155 1423 ι
1177 1375 1286 1443 respicit
1302 1373 1355 1426 huc
1369 1371 1447 1447 Papi-

400 1455 467 1508 uius.
481 1451 549 1507 illud
559 1471 612 1506 non
624 1453 733 1525 perinde
743 1449 897 1524 vulgatum,
909 1449 1044 1505 Romanos
1057 1453 1132 1505 initio
1144 1455 1172 1504 iu
1185 1465 1272 1504 ortum
1286 1466 1311 1506 et
1324 1470 1448 1506 oceasum

398 1533 485 1588 solum
497 1533 567 1587 diem
578 1531 758 1600 distribuisse,
772 1532 839 1585 adeo
852 1545 881 1586 nt
893 1535 920 1586 in
932 1535 981 1586 ΧΠ
989 1533 1113 1602 Tabulis,
1127 1547 1258 1606 nusquam
1272 1533 1399 1587 horarum
1409 1535 1447 1588 ia-

399 1629 440 1668 cta
451 1616 529 1668 luerit
538 1616 647 1667 mentio.
658 1611 817 1667 Censorinus
827 1625 922 1666 auctor
930 1625 956 1666 et
965 1611 1031 1667 Plin.
1041 1613 1108 1667 ilist.
1118 1615 1181 1667 Nat.
1189 1610 1249 1679 Vll,
1259 1631 1281 1666 c.
1293 1614 1340 1668 oo:
1355 1611 1446 1668 alluo·

398 1693 484 1747 decim
495 1691 594 1746 tabulis
607 1707 682 1745 ottus
694 1701 798 1744 tantum
810 1706 837 1746 et
848 1709 959 1746 occasus
971 1697 1157 1746 nominantur:
1174 1709 1234 1766 post
1247 1695 1351 1766 aliquot
1362 1713 1447 1748 anuos

398 1773 517 1844 adjectus
527 1787 552 1826 et
563 1769 692 1840 meridies,
702 1791 815 1826 accenso
822 1771 897 1826 Cosa.
908 1772 935 1826 id
942 1774 1138 1846 pronuntiante.
1148 1797 1159 1821 ι
1169 1773 1251 1827 Recte
1260 1775 1448 1846 pronuntiante

398 1849 477 1920 dicit,
490 1854 551 1925 quia
564 1851 636 1904 horas
648 1863 742 1925 postea
756 1855 881 1918 inventae,
897 1871 951 1905 uon
964 1857 1039 1924 signo
1052 1869 1188 1925 campanae
1200 1852 1241 1905 sel
1255 1855 1447 1918 instrumento,

397 1944 427 1984 nt
438 1929 519 1984 hodie
529 1933 601 2004 apud
610 1931 738 1998 nos,·sed
748 1931 859 1985 arbitrio
870 1932 951 1986 solius
963 1934 1131 2004 magistratus
1143 1929 1337 1984 dividebantur.
1349 1933 1446 1996 Varro,

397 2011 442 2065 lib.
460 2009 484 2062 V
498 2012 532 2065 de
550 2013 651 2083 lingua
669 2013 780 2066 Latinas
799 2015 878 2065 siloc
891 2012 961 2065 idern
978 2013 1125 2065 Cosconius
1138 2013 1164 2064 ltt
1178 2011 1326 2065 actionibus
1338 2013 1445 2076 scribit,

276 2123 281 2133 ι
396 2096 535 2146 Praetorem
553 2107 691 2145 accensum
709 2091 815 2144 solitum
827 2105 884 2144 tutn
901 2107 957 2146 esse
970 2081 1082 2162 jubere,
1097 2091 1144 2144 nbi
1159 2094 1183 2145 ei
1199 2091 1338 2145 videbatur
1353 2087 1445 2144 hornut

397 2189 454 2227 esse
463 2173 580 2240 reniam,
590 2173 734 2226 inclamare
743 2171 838 2225 heram
848 2189 906 2226 esse
916 2177 1034 2240 tertiam,
1044 2175 1161 2246 itemque
1172 2171 1306 2225 meridien
1317 2171 1444 2225 ethoram

396 2271 502 2305 nonem.
515 2277 525 2301 ι
542 2253 645 2307 Deinde
657 2254 851 2324 excogitatum,
865 2266 894 2306 ut
906 2251 977 2320 dies,
990 2254 1067 2306 sicuti
1079 2267 1104 2305 et
1116 2271 1186 2318 nox,
1202 2264 1307 2324 semper
1318 2263 1386 2304 esset
1396 2249 1445 2304 Xil

395 2333 538 2398 horarum,
552 2352 610 2404 quse
621 2349 672 2407 pro
684 2343 804 2406 tetnpore
817 2335 896 2401 anui,
908 2333 1041 2406 longiores
1053 2331 1095 2385 tel
1108 2333 1243 2386 breviores
1257 2333 1359 2396 forent,
1376 2332 1446 2384 hore

394 2431 456 2466 sero
470 2411 615 2484 clepsydris
631 2413 883 2466 discriminarentur.
903 2405 963 2466 lios
977 2425 1102 2485 praeterea
1118 2425 1234 2486 quatuor
1246 2411 1349 2482 vigilias
1363 2410 1445 2464 habe·

394 2504 450 2558 ret,
462 2492 570 2561 singule
580 2491 672 2563 vigilie
684 2491 841 2558 teutherus,
854 2493 1000 2566 siquando
1013 2493 1102 2565 sigilis
1113 2505 1274 2559 mutaretur,
1286 2493 1390 2563 tignum
1399 2490 1445 2544 dt·

394 2584 465 2624 retnt·
476 2571 599 2624 buculus.
614 2575 753 2644 vegetius,
765 2571 811 2624 lib.
827 2573 862 2625 lll
870 2611 879 2640 ,
895 2589 955 2646 cup.
975 2575 1007 2638 83
1020 2575 1124 2640 liuius,
1135 2571 1181 2626 lib.
1192 2573 1255 2640 Vll,
1268 2587 1327 2644 nep.
1346 2571 1397 2638 3⁵,
1413 2587 1444 2636 ιι

394 2653 558 2724 Propertius,
570 2650 617 2704 lib.
630 2653 679 2719 Ν,
690 2653 821 2706 ridentur.
840 2655 969 2706 beantur.

428 2828 489 2884 iot.
510 2828 686 2901 mundes,
706 2829 785 2880 nindt
803 2829 931 2895 moriens,
948 2837 999 2880 etc.
1017 2829 1071 2896 Qut
1088 2829 1205 2900 spuriam
1217 2827 1285 2882 benc
1299 2829 1441 2882 lectionem
1489 2829 1492 2836 ⁴

392 2915 571 2974 intruserunt,
583 2908 678 2962 vellem
689 2907 754 2964 nihi
765 2907 885 2962 dicerent
896 2927 949 2980 qus
964 2906 1062 2961 fiducia
1080 2907 1133 2960 boc
1149 2909 1260 2962 iecerint
1274 2931 1281 2960 ε
1298 2909 1359 2962 libri
1372 2922 1443 2961 νειο-

393 3009 448 3058 ret,
461 3008 527 3062 qnos
539 3007 593 3042 uon
605 2988 723 3042 dubitari
736 2987 827 3040 audire
839 3009 845 3039 ι
861 3011 872 3033 s
882 2989 973 3061 primis
986 3005 1065 3061 quem
1076 2986 1197 3038 caestibus
1207 2989 1263 3060 ipse
1273 2986 1366 3058 ligarat
1375 2986 1444 3060 'lyn-

392 3068 513 3136 darides,
529 3063 603 3120 nitidi
616 3069 733 3119 moriens
745 3084 862 3119 convexa
877 3061 1012 3136 magistri,
1029 3079 1102 3116 eto·
1118 3062 1194 3117 Mens
1208 3085 1215 3116 ι
1229 3055 1393 3118 dlcidarnaru
1408 3065 1442 3118 ad

391 3163 518 3204 cestuum
532 3161 664 3201 cunamen
678 3165 693 3199 a
705 3143 812 3200 Polluce
828 3141 972 3199 inmaturo
984 3141 1138 3198 morientem
1155 3143 1292 3198 sustulisse
1307 3145 1400 3198 oeulos
1415 3147 1441 3198 iu

392 3228 500 3294 mittut,
521 3224 707 3298 ubimagister
723 3223 883 3298 sisuldus,
904 3221 977 3297 quod
994 3227 1080 3278 statim
1100 3225 1177 3276 etiam
1195 3238 1239 3275 tan
1261 3243 1322 3276 uam
1339 3217 1441 3276 abomi-

391 3320 501 3360 naretur
511 3305 635 3378 discipuli
648 3319 778 3371 mortem,
793 3324 821 3356 se
835 3303 982 3358 abscondit.
998 3303 1097 3356 Noster
1110 3299 1240 3356 Thebaid.
1277 3301 1304 3369 l,
1319 3323 1357 3356 rs.
1372 3299 1440 3373 pit:

593 3438 599 3449 .
618 3437 623 3448 .
642 3439 647 3449 .
667 3437 673 3448 .
690 3401 731 3448 sed
744 3404 800 3450 socii
812 3403 899 3450 iretutn
911 3401 1004 3450 Polluce
1016 3405 1126 3464 magistro

593 3479 693 3532 Norant,
706 3487 729 3520 et
740 3489 817 3520 sacrat
829 3477 888 3521 inter
900 3475 998 3523 cretitte
1009 3468 1135 3538 pelaestrst.

391 3566 491 3618 Seneca
509 3563 686 3636 philosophus
705 3558 819 3616 ldedea:
842 3562 916 3617 ιδιά
933 3563 1042 3617 Castore
1061 3580 1122 3614 cum
1141 3579 1190 3615 tuo
1207 3556 1299 3612 Pollux
1319 3551 1441 3614 caestibus

391 3644 510 3716 aptior.-
526 3642 674 3708 Aruobius,
686 3640 732 3694 lib.
745 3645 773 3711 l,
787 3645 945 3710 sileatures,
959 3662 1043 3714 equos
1056 3660 1125 3696 uuus
1135 3639 1266 3694 domitare
1280 3653 1440 3708 consuetus,

392 3723 459 3780 alter
470 3721 615 3795 pugillator
626 3719 729 3784 benun
745 3720 808 3775 itleo
825 3741 880 3774 non
895 3723 1000 3788 Castor,
1016 3721 1063 3774 sed
1077 3720 1170 3774 Pollux
1184 3719 1311 3772 dicimus
1328 3720 1384 3774 Nee
1399 3740 1441 3773 re-

391 3799 462 3854 cedit
475 3799 508 3856 eb
520 3799 561 3854 lais
572 3797 709 3870 Virgilius,
725 3800 789 3853 dum
801 3803 854 3868 ait,
866 3803 962 3872 Georg.
976 3802 1021 3854 lib.
1035 3804 1086 3868 lll,
1098 3820 1134 3853 vs.
1149 3801 1197 3871 89:
1213 3822 1225 3846 s
1234 3795 1307 3852 Talis
1319 3798 1441 3871 Amyclaei

391 3879 507 3934 domitus
524 3879 638 3932 Pollucis
655 3877 766 3934 habenas
784 3877 933 3954 Cyllarus.»
954 3881 1040 3946 Nam,
1056 3892 1086 3932 ut
1102 3878 1200 3932 ibidem
1216 3879 1302 3950 iuquit
1319 3876 1440 3942 Servius,

393 3963 509 4014 «Castor
526 3958 642 4010 domitor
658 3977 786 4031 equorum
802 3963 870 4028 tuit,
884 3960 932 4014 sed
945 3963 1053 4014 fratrem
1071 3980 1122 4033 pro
1136 3961 1218 4012 iratre
1234 3960 1324 4032 posuit
1337 3960 1442 4028 poetice

390 4033 505 4090 licentis.
517 4061 528 4084 ι
543 4039 669 4092 litantur.
680 4067 715 4080 -
726 4041 854 4094 Conona.
869 4040 947 4111 Plaga
959 4039 1015 4092 curli
1022 4078 1031 4108 ,
1044 4041 1072 4091 in
1084 4059 1134 4112 qua
1148 4038 1220 4090 lucet
1229 4034 1303 4090 stella
1314 4035 1442 4102 Pollucis,

390 4137 471 4191 quaro
481 4120 560 4170 relect
570 4121 650 4171 Poeta
658 4132 768 4194 propter
776 4133 887 4176 mortem
897 4121 1007 4176 cultoris
1017 4122 1059 4172 sui
1067 4121 1181 4174 nontittis
1190 4122 1217 4172 in
1228 4117 1442 4184 occasumfuisse

392 4217 555 4254 conversatu.
572 4199 648 4254 Unde
663 4205 799 4274 superius,
812 4204 865 4256 Sed
874 4205 936 4258 socii
942 4201 1042 4276 fretum
1056 4201 1181 4270 Polluce,
1195 4216 1246 4256 eto.
1265 4203 1393 4254 bemarr.
