3196 5158
408 504 428 568 8
642 509 678 572 Ρ.
704 509 741 574 Ρ.
765 510 922 579 8ΤΔΤΙΙ
944 515 1220 592 THEBAIDOS

449 639 1077 720 Numen,eteffi·enilexenturinotia
1087 674 1209 722 mores.
1416 673 1452 726 ³0

447 747 579 818 Reddat
590 773 713 845 equos,
726 773 911 848 ensemque
921 755 1024 842 mihi,
1036 783 1102 830 nee
1112 766 1288 856 sanguinis
1299 763 1388 834 ultre

446 862 467 926 J
469 885 510 928 us
522 863 585 929 erit
597 861 802 954 :adspiciam
814 879 935 950 terres,
948 891 1136 967 panemque
1143 871 1271 967 jubebo

448 970 631 1055 Omnibus;
644 973 776 1064 Ogygio
787 991 840 1042 set
850 979 915 1044 erit
925 979 1077 1048 Tritonia
1086 980 1188 1050 bello:
1202 1013 1217 1044 ι

493 1085 647 1168 Dixerat,
659 1099 694 1152 et
704 1081 876 1154 Threcum
887 1086 1061 1181 Cyllenius
1070 1115 1152 1160 arva
1163 1093 1317 1162 subibat:

447 1195 558 1288 Atque
566 1192 665 1262 ilium
675 1199 805 1264 Amtoae
815 1195 988 1270 labantem
998 1201 1136 1271 cardine
1145 1219 1254 1296 portte
1413 1218 1446 1271 ³⁵

446 1307 645 1400 Tempestas
655 1321 782 1376 aeterne
792 1307 916 1403 plagre,
927 1328 1160 1410 praetentaque
1171 1314 1254 1384 caelo

445 1420 589 1509 Agmine
600 1418 813 1505 nimborum,
825 1426 996 1520 primique
1007 1425 1182 1521 Aqtrilouis
1193 1428 1306 1498 hiatus

443 1529 484 1595 Iu
496 1527 630 1597 diversa
642 1529 757 1598 ferunt
767 1557 776 1598 :
788 1549 903 1627 erepet
913 1561 1012 1605 eures
1024 1535 1188 1629 grandine
1200 1535 1307 1605 multe

441 1637 552 1725 Palla,
564 1663 628 1710 uec
637 1639 771 1712 Areudii
782 1641 870 1714 bene
880 1651 1027 1741 protegit
1036 1648 1158 1716 umbre
1169 1647 1282 1741 galeti.

393 1841 443 1896 des
457 1846 565 1917 quidem
576 1849 747 1918 dubitaverit,
761 1859 807 1928 qui
817 1857 897 1913 dubi-
940 1858 1016 1910 Unus
1029 1857 1122 1911 Rebot.
1138 1869 1167 1912 et
1181 1857 1319 1911 Tenem.
1332 1885 1368 1897 -
1379 1857 1442 1928 Cy!-

394 1937 451 1976 tere
460 1925 488 1976 iu
497 1928 621 1984 omnibus
630 1931 707 1987 suist.
717 1934 830 2006 Vulgata
839 1941 896 1992 sine
940 1935 1032 1990 lenium
1043 1936 1202 1990 Mercurius·

393 1999 477 2054 dubio
493 2003 639 2078 depravate
652 2033 659 2062 :
678 2012 714 2065 sie
724 2015 796 2066 mite.
816 2018 895 2069 Burs.
980 2017 1024 2071 35.
1042 2020 1105 2092 Atq.
1119 2019 1137 2070 ι’.
1148 2019 1250 2072 Areten
1261 2016 1357 2070 iubent.
1369 2019 1439 2071 eard.

392 2111 429 2120 -
454 2083 506 2138 Nil
530 2089 651 2160 equidem
672 2092 775 2146 ensdele
799 2097 895 2150 minor.
937 2108 1028 2169 porte.
1049 2096 1128 2151 bidd.
1146 2097 1233 2150 Golin.
1247 2097 1320 2170 Grqf.
1336 2109 1362 2150 et
1380 2099 1440 2151 an.

391 2161 436 2214 nil
457 2167 545 2218 minor
562 2168 600 2222 iili
621 2171 695 2243 quod
715 2174 893 2246 crudelem,
940 2177 1067 2230 iubentem
1088 2179 1115 2230 in
1135 2179 1248 2230 cardine.
1269 2180 1320 2229 Pro
1339 2179 1442 2233 Arctoe

388 2242 487 2312 idest,
501 2249 600 2302 Met-ti:
616 2251 663 2305 sed
677 2251 778 2307 bonum
791 2269 818 2309 et
831 2260 894 2312 mite
938 2255 1042 2311 neiron.
1059 2275 1083 2326 t,
1098 2276 1128 2324 2,
1140 2257 1254 2325 hebent,
1266 2256 1393 2328 bybernoe.
1405 2289 1441 2300 -

389 2340 489 2376 numen
501 2327 622 2380 efficiam.
639 2332 756 2386 Minatur
770 2337 894 2409 Juppiter
938 2337 1087 2390 Labentem.
1113 2339 1257 2390 intrantem
1281 2351 1373 2410 portes
1398 2357 1441 2390 se·

389 2419 418 2454 se
436 2403 548 2459 Martem
567 2411 656 2462 mitem
675 2412 798 2481 efficere,
819 2415 894 2488 quod
938 2417 1113 2486 ptemtrionis.
1137 2416 1263 2469 herm.
1284 2444 1321 2454 -
1338 2415 1441 2468 Arctet!

389 2481 440 2532 seit
458 2497 570 2538 eruente
588 2489 691 2541 numini
709 2510 767 2546 esse
784 2508 893 2548 conue-
937 2495 1042 2548 eards'ne
1053 2505 1144 2569 peste.
1163 2495 1287 2562 Qustuor
1302 2496 1440 2565 precipue

388 2560 472 2625 rium,
483 2567 666 2632 mutuemini,
677 2571 723 2640 qui
729 2572 827 2626 infreni
835 2591 893 2627 esse
937 2573 1029 2624 muudi
1037 2587 1125 2647 partes
1134 2574 1255 2628 cardines
1263 2585 1401 2640 receutur,
1410 2587 1441 2626 ut

389 2655 598 2710 consueverant,
618 2648 666 2698 otii
684 2646 813 2720 languore
835 2666 892 2704 toe-
936 2654 1044 2720 Oriens,
1054 2651 1349 2720 Occidens‚bleridies,
1362 2654 1440 2706 etSe-

387 2734 514 2788 pesesnt,
528 2735 554 2774 et
571 2725 605 2776 sit
617 2743 717 2778 numen
735 2733 793 2800 ejus
811 2735 890 2784 mite:
934 2730 1439 2804 ptemtrio.Rursus,quiueerdoportn

386 2815 468 2867 greve
482 2801 553 2851 enim
563 2804 664 2854 muium
676 2821 732 2860 est:
744 2809 807 2860 facit
820 2813 891 2861 enirn
937 2823 990 2876 est,
1000 2813 1079 2864 sumit
1087 2811 1132 2866 hie
1141 2823 1245 2883 portem
1255 2811 1377 2864 Arctoum
1386 2830 1438 2884 pro

386 2873 488 2928 bonurn
505 2896 520 2929 t
535 2896 584 2930 suo
602 2881 725 2935 instituto
742 2883 889 2941 traducere.
935 2900 1022 2940 tractu
1044 2891 1276 2961 septemtrionali,
1302 2893 1364 2962 quis
1389 2892 1437 2945 se-

384 2953 512 3009 herm.
577 3005 581 3016 ,
935 2969 1077 3038 ptemtrie,
1091 2983 1121 3022 ut
1131 2971 1188 3039 jem
1202 2969 1437 3035 diximus,Grseeis

421 3033 465 3086 30.
480 3036 589 3108 Effrens'
597 3057 687 3096 mores.
696 3043 777 3096 Nulla
786 3047 891 3100 ratione
934 3063 1048 3102 vocetur
1057 3051 1161 3103 Arctos.
1510 3116 1515 3131 ἱ

383 3129 503 3183 uuquam
521 3117 661 3172 moderati.
678 3124 769 3192 Vir-gii.
788 3127 888 3197 Georq.
970 3126 1014 3180 36.
1027 3129 1165 3182 Proetenta.
1176 3130 1437 3202 Circumfuss‚edje·

382 3191 432 3254 ΠΙ,
445 3191 494 3244 38ι
506 3205 597 3267 etseq.
613 3198 705 3252 «Telis
714 3203 889 3272 Hyperboreo
934 3206 1029 3257 uentis.
1048 3204 1176 3259 Lsersnr.

384 3280 486 3337 septem
498 3269 618 3340 subjecta
631 3277 712 3328 trioni
725 3277 796 3334 Gens
809 3283 891 3334 eifre-
969 3283 1011 3353 37.
1024 3285 1138 3357 Aqmine
1150 3287 1305 3340 nimborum.
1315 3287 1435 3342 infinitus

381 3361 418 3396 ne
430 3347 517 3400 virum
528 3349 637 3423 Rhipteo
649 3355 769 3409 tunditur
781 3359 862 3412 Euro.
873 3384 885 3408 ι
932 3364 1375 3440 numerusnubium.-Aquiieuis
1383 3367 1436 3420 bia·

417 3423 461 3477 31.
474 3427 535 3480 ned.
544 3449 584 3503 eq.
593 3451 730 3508 ensemque
737 3438 812 3491 mihi.
821 3444 887 3495 Om-
933 3450 979 3492 tus.
990 3443 1059 3494 Rene
1070 3442 1172 3496 bintus.-
1182 3447 1253 3498 venti
1262 3447 1332 3498 enim
1342 3445 1435 3518 depin-

382 3519 431 3554 nes
443 3504 520 3557 codd.
536 3507 625 3564 berth.
637 3531 756 3588 censesque
766 3517 841 3572 mihi.
852 3550 887 3560 —
930 3533 1029 3590 guntur
1040 3540 1086 3574 ere
1099 3536 1190 3594 sperto
1203 3537 1229 3576 et
1239 3523 1333 3576 hianti.

380 3579 480 3636 Reddet
491 3603 583 3657 eques,
596 3607 734 3666 ensemque
744 3596 819 3649 mibi.
833 3599 887 3651 Sin·
967 3599 1010 3654 38.
1030 3603 1433 3678 Crepatuuresqmnds'uemuite.

380 3655 437 3724 guli
449 3662 520 3712 euim
528 3662 572 3716 Dii
584 3684 632 3719 sua
642 3667 731 3724 officia
743 3679 887 3748 munitque
930 3677 1011 3748 liegg.
1027 3682 1084 3732 bet
1095 3681 1130 3748 C,
1144 3701 1225 3735 aurea
1237 3681 1370 3736 exhibent.
1385 3685 1432 3736 Eo.

381 3732 527 3792 iubebant.
966 3757 1010 3826 39.
1025 3759 1113 3812 Paua.
1127 3761 1198 3813 Palla
1209 3765 1316 3834 proprie
1326 3776 1383 3816 erat
1392 3782 1434 3816 re-

416 3813 459 3866 32.
479 3817 628 3890 Adspiciam
643 3835 728 3880 terras.
741 3831 805 3882 Tem
820 3835 884 3887 mite
930 3837 1081 3890 stimentum
1093 3839 1235 3905 muliebre3
1248 3842 1294 3895 sed
1303 3842 1396 3894 eodem
1406 3858 1433 3896 et

380 3892 451 3942 euim
458 3893 724 3973 placidumque-Iovis
732 3925 844 3978 numen,
854 3925 884 3964 ut
928 3915 1025 3987 Apoliu
1040 3921 1131 3971 utitur.
1150 3920 1248 3974 Tibuii.
1267 3925 1317 3988 111,
1332 3922 1367 3988 4,
1380 3921 1431 3975 35:

379 3967 437 4021 solo
456 3971 584 4045 adspectu
604 3999 698 4050 pacem
717 3984 827 4041 daturus
849 3992 883 4042 sit
930 3995 1429 4072 sImavidebaturtelisilluderepeiia.s

378 4049 501 4104 omnibus
515 4055 593 4109 rebus
607 4058 739 4115 humenis.
925 4072 965 4124 De
975 4072 1096 4128 hocloco
1107 4075 1161 4129 vid.
1171 4091 1227 4130 not.
1238 4080 1324 4132 nostri
1331 4080 1430 4132 Tibuii.

413 4127 457 4180 33·
479 4132 588 4206 ossyqio.
601 4137 740 4194 Thebane.
925 4169 987 4222 paq.
1001 4169 1030 4205 ur
1040 4169 1066 4217 t;
1083 4153 1126 4206 edi
1140 4159 1218 4208 etium
1233 4175 1289 4229 quse
1301 4177 1430 4210 enarren-

412 4205 456 4273 34.
475 4209 600 4282 Dixerat,
622 4227 649 4268 et
668 4219 787 4273 thracum
797 4261 807 4289 ,
829 4237 878 4277 etc.
925 4243 969 4280 tur
983 4229 1017 4281 ed
1031 4251 1054 4282 v.
1075 4232 1140 4300 ²24,
1157 4233 1250 4288 Cieud.
1267 4237 1293 4302 1,
1309 4237 1335 4288 iu
1349 4236 1428 4288 Prob.
