3194 5156
585 578 729 642 mann
754 578 800 642 11.
1070 529 1076 544 ’
1152 572 1217 668 ⁵97

214 700 356 784 ludolis‚
370 719 403 769 et
420 700 529 769 valida
541 725 618 770 mox
631 703 811 771 accedente
819 702 975 796 juventa,

174 847 176 852 ·
212 819 296 900 Quae
308 812 427 880 solitus
440 810 581 880 laudum
592 813 652 881 tibi
666 817 796 881 semina
808 813 957 907 pandere
969 812 1095 882 Chiron
1165 822 1218 896 ³7⁵

212 924 422 1018 Virtutisque
434 921 560 1008 aditus,
574 947 659 1018 quas
671 923 822 992 membra
836 947 961 1016 augere
972 947 1034 1018 per
1044 938 1149 1006 artes,

212 1039 305 1122 Quas
317 1038 488 1116 animum,
500 1037 613 1119 sociis,
626 1035 841 1131 multumque
851 1035 1040 1104 faventibus
1054 1033 1116 1108 ede
1130 1061 1138 1102 ε

213 1147 261 1212 Sit
271 1148 418 1240 pretium
430 1145 547 1238 longas
559 1149 694 1238 penitus
704 1133 867 1242 quaesisse
877 1169 939 1240 per
950 1143 1059 1216 undas

212 1258 356 1351 Scyron,
369 1273 404 1326 et
414 1256 466 1324 his
478 1261 580 1325 armis
592 1262 742 1350 primum
754 1255 938 1326 intendisse
950 1257 1103 1327 lacertos.
1116 1287 1130 1318 n

260 1374 370 1457 Quem
381 1372 494 1464 pigeat
504 1393 565 1437 sua
578 1369 666 1437 facta
678 1370 789 1464 loquii‘
800 1385 913 1438 tamen
925 1367 982 1438 ille
993 1369 1145 1439 modeste
1165 1379 1218 1436 sse

213 1481 369 1564 Inchoat,
382 1480 562 1574 ambiguus
573 1479 744 1573 paullum,
759 1485 965 1575 propiorque
977 1497 1093 1550 coacto
1106 1505 1115 1548 τ

217 1623 230 1654 a
242 1593 359 1674 Dicor,
373 1593 452 1658 etin
465 1593 602 1672 teneris,
617 1609 652 1660 et
663 1589 776 1659 adhuc
787 1590 1015 1661 crescentibus
1028 1593 1145 1674 anuis,

212 1701 397 1800 Thessalus
408 1718 448 1768 ut
458 1699 566 1792 rigido
578 1703 691 1769 senior
702 1726 757 1770 me
769 1717 884 1770 monte
897 1704 1039 1794 recepit,

213 1817 289 1882 Non
301 1812 388 1881 ullas
400 1837 440 1881 ex
455 1837 549 1882 more
561 1813 665 1908 dapes
678 1813 853 1897 habuisse,
866 1811 1039 1882 neoalmis

200 2039 263 2110 374.
283 2041 307 2092 1.
325 2057 347 2092 e.
366 2059 389 2091 υ.
405 2057 467 2092 mox
481 2040 617 2100 accedente
624 2043 671 2113 jn·
689 2095 690 2106 γ
714 2042 828 2096 vulneris
844 2061 939 2100 armos.
950 2065 967 2090 ι
980 2040 1088 2096 Gruteri
1101 2048 1155 2090 tres
1168 2054 1216 2089 co·

166 2133 251 2178 nenta.
262 2123 328 2191 neg.
339 2120 359 2172 ll
371 2118 492 2187 exhibet,
506 2139 568 2174 mox
579 2139 670 2174 aceen-
714 2120 802 2189 dices,
816 2122 933 2176 unduse.
943 2121 1072 2184 Gnoson„

165 2201 366 2273 dentejnveute.
377 2200 426 2251 En.
750 2195 1214 2274 380.Quempipeatsnefacteloqui.

201 2282 262 2350 375.
280 2280 398 2336 hedum
415 2281 523 2341 semina.
540 2278 609 2333 Vide
623 2299 664 2333 eu·
714 2281 974 2340 SieTacitusiuVita
982 2277 1112 2348 sgrtmtae
1120 2275 1213 2348 cap.1=

165 2361 264 2432 periori
276 2358 321 2411 lib.
335 2377 371 2410 vs.
385 2359 438 2424 83„
716 2384 729 2408 ι
737 2360 776 2416 dc
784 2360 907 2433 plerique
916 2378 991 2413 suam
1002 2359 1054 2431 ipsi
1063 2359 1144 2410 vitam
1156 2373 1217 2406 nar-

201 2441 262 2513 377.
272 2442 303 2512 Q.
312 2462 339 2494 a.
348 2462 369 2495 s.
380 2441 669 2514 multumquesaventi·
712 2458 781 2508 rare,
787 2438 910 2493 fiduciam
917 2442 1007 2510 potius
1014 2455 1128 2503 morum,
1135 2453 1217 2507 quam

165 2521 211 2578 dus
224 2521 279 2572 ede.
288 2522 352 2592 neg.
364 2520 384 2572 B
398 2520 491 2587 habet,
505 2521 670 2592 multumque
712 2521 890 2589 arrogantium
901 2519 1020 2571 arbitrati
1032 2530 1124 2570 snut·

158 2601 310 2670 faventibus
327 2602 388 2654 edis.
404 2631 440 2640 -
456 2602 545 2656 Sociis.
562 2601 593 2655 ld
612 2616 669 2669 est,
750 2599 811 2651 381.
832 2601 995 2672 Propiorqne
1011 2606 1109 2650 coacto.
1131 2592 1216 2662 Quasi

165 2678 251 2731 nobis.
714 2678 806 2731 similis
819 2677 919 2730 homini
933 2690 1041 2744 coacto,
1053 2690 1081 2728 et
1095 2676 1140 2748 qui
1149 2673 1217 2726 invi-

202 2758 262 2829 378.
275 2760 302 2812 S.
312 2779 340 2832 p.
354 2760 372 2812 l.
385 2762 490 2833 penitus
498 2761 614 2832 quesisse
623 2780 671 2832 per
714 2773 757 2812 tus
767 2758 902 2831 loquatur.
916 2759 1038 2810 nitens.

166 2840 256 2892 undas.
267 2838 352 2890 Codd.
366 2839 570 2910 Lindenbrogii:
584 2852 669 2894 trans·
749 2838 811 2892 382.
821 2839 910 2904 Dicor,
916 2851 941 2890 et
950 2838 977 2898 in
986 2837 1087 2901 teneris,
1097 2847 1124 2889 et
1130 2833 1218 2885 adlsuc

167 2919 213 2973 isse
222 2937 272 2989 per
284 2920 373 2972 undas.
389 2948 423 2956 —
440 2918 480 2970 Sit
490 2921 611 2990 pretium.
629 2920 667 2983 si,
713 2917 879 2970 crescentibus
892 2917 1055 2988 annislleq.
1074 2917 1096 2967 tt
1115 2913 1217 2977 hebet,

167 2998 268 3068 inquit,
286 2995 341 3050 haec
362 2996 440 3050 nobis
463 3002 622 3066 narraveris,
641 2999 670 3052 id
712 2994 834 3048 etedlruc
847 2997 1006 3070 reptantibus
1019 2997 1104 3057 almil-
1118 2997 1167 3048 En·
1180 3024 1217 3036 ’-

165 3076 227 3129 loco
237 3079 335 3149 praemii
344 3076 498 3148 putabimus
506 3097 556 3151 pro
567 3078 669 3146 labore,
713 3073 801 3128 Dicor.
812 3076 881 3142 Quia
893 3092 948 3126 non
960 3086 1065 3146 poterat
1073 3073 1215 3126 recordari.

167 3175 246 3228 quem
258 3157 380 3222 tulimus,
395 3155 459 3208 dum
470 3149 615 3229 'quaerimus
633 3171 668 3211 te,
713 3171 749 3192 ..e
773 3154 810 3206 Et
833 3153 919 3206 adhuc
942 3155 1107 3208 crescentibus
1131 3154 1216 3208 anteit.

203 3236 264 3306 379.
274 3237 383 3308 Scyron,
392 3237 669 3308 etlsisennisprimum
714 3234 1217 3309 Quasinonnuncquoquecrescerent.

168 3318 304 3370 intendisse
316 3316 430 3370 lacertos.
446 3320 510 3390 Reg.
525 3320 545 3370 B
558 3318 670 3390 prabet,
715 3312 877 3368 Scholiastes
893 3330 919 3369 et
935 3314 990 3368 duo
1006 3315 1078 3373 MSS.
1097 3315 1219 3382 Gruteri,

167 3397 284 3468 Scyron,
300 3407 326 3448 et
346 3395 386 3448 liis
403 3396 520 3467 primum
540 3417 615 3450 arma
631 3417 671 3452 os-
714 3396 872 3448 restantibus.
888 3395 965 3448 Unde
979 3394 1023 3446 ille
1036 3393 1108 3448 haud
1122 3396 1219 3460 invita,

168 3476 276 3528 tendisse
290 3474 399 3528 lacertis.
413 3476 460 3526 En.
476 3505 514 3526 -ψ-
530 3477 580 3528 His
593 3477 673 3530 annis
715 3485 746 3525 ut
762 3473 877 3540 videtur,
892 3476 1024 3529 Minecta:
1040 3484 1066 3524 et
1079 3472 1166 3526 adduc
1179 3492 1219 3524 re·

165 3557 281 3628 primum
298 3555 436 3608 intendisse
451 3554 565 3608 lacertus.
582 3556 673 3609 Malim
715 3554 849 3624 ptentibns
877 3555 961 3606 annis
991 3551 1153 3604 Claudianus
1176 3551 1218 3619 V,

169 3634 234 3688 hos:
252 3633 312 3686 dein
326 3635 396 3687 forte
416 3655 471 3687 nou
490 3634 674 3708 adspernabile
722 3635 786 3700 180,
795 3635 822 3685 in
833 3634 893 3686 Rut.
906 3635 945 3686 ll:
959 3647 1124 3704 steueroque
1134 3634 1220 3686 amnis

169 3714 280 3786 quodin
295 3715 346 3767 Me.
357 3715 475 3788 primum
485 3717 583 3770 vestisse
593 3715 674 3768 lacer·
717 3727 834 3786 reptatus
846 3711 951 3766 Achilli.
962 3736 974 3760 ι
990 3716 1019 3766 lu
1034 3727 1159 3786 quartum
1166 3714 1222 3764 llo-

169 3805 214 3846 tes.
228 3793 299 3850 Solet
317 3793 418 3866 alioqui
434 3796 472 3846 uti
488 3813 538 3866 pro
551 3795 672 3861 induere,
717 3794 785 3844 norii
800 3792 880 3846 Cous.
894 3794 968 3858 vtlt,
989 3791 1046 3858 134.
1067 3791 1220 3864 «Cretaque

169 3883 258 3944 tepere.
268 3875 304 3931 Ut
310 3871 394 3924 Theb.
404 3875 447 3941 ΙΙΙ,
455 3872 567 3943 clipeum
577 3873 674 3926 vestisse
718 3889 746 3923 se
755 3873 838 3942 jactet
851 3886 942 3925 tenero
955 3883 1058 3944 reptata
1069 3873 1194 3926 Tonanti.
1206 3895 1219 3924 ι

160 3952 285 4023 juvenco.
306 3950 364 4002 Lib.
384 3952 436 4017 vt,
458 3948 549 4002 herote
570 3952 675 4010 vestitur
753 3951 814 4004 383.
825 3949 959 4006 Thessalus
967 3953 1060 4006 senior.
1071 3950 1221 4006 Chiron.-

168 4048 257 4082 arene.
279 4028 336 4082 Lib.
364 4029 428 4095 xn,
451 4029 550 4100 thyrsos
575 4029 673 4081 lieden's
718 4032 810 4104 lliqido
829 4045 925 4085 monte.
944 4031 1034 4099 Pelio,
1049 4030 1085 4082 ob
1104 4049 1221 4084 severam

170 4111 271 4164 vestitis.
289 4109 450 4163 Claudianus
462 4113 499 4177 V,
514 4111 562 4162 361
578 4133 584 4162 :
602 4111 673 4162 nPar
718 4107 885 4182 disciplinam
897 4109 1030 4164 Chironis.

169 4192 280 4244 vestitus
299 4192 386 4264 equis,
404 4192 504 4244 ferrata
521 4185 612 4245 fronte
625 4195 674 4244 mi·
754 4190 815 4259 384.
835 4189 898 4246 Non
919 4191 989 4244 ullas
1006 4208 1038 4242 ex
1055 4207 1127 4242 more
1144 4189 1223 4263 dapes

169 4286 281 4338 uantur,
295 4273 471 4344 Ferratosquo
484 4272 573 4332 levant
587 4274 675 4329 securi
720 4270 850 4337 tabuisse,
864 4291 911 4324 nec
921 4271 1007 4342 culmis.
1022 4271 1083 4324 Esc.
1097 4271 1175 4346 Burq.
1188 4272 1224 4326 ci·
