3230 5168
357 506 421 595 ηε
480 489 487 504 “
592 505 627 568 r.
654 503 690 566 r.
716 499 873 568 srtru
896 499 1174 568 rueramus

400 637 588 726 lusurgunt
599 625 762 710 stimulis,
776 651 878 722 quam
892 629 921 695 si
931 625 1072 696 turbata
1079 624 1244 720 sepulcris
1379 659 1410 694 ro

399 746 486 812 Osse
497 756 653 835 patrum,
665 739 895 833 monstrisque
907 735 996 805 datae
1007 736 1202 806 crudelibus
1214 761 1320 807 urnae.

399 852 561 926 Accendit
572 875 632 920 rex
644 853 718 944 ipse
730 874 853 943 super:
873 851 1132 944 «Quisquamne
1143 848 1290 942 Pelasgis

399 967 492 1036 Mitis
504 963 633 1046 adhuc,
647 961 890 1057 hominemque
902 963 1009 1054 gerit?
1016 957 1088 1053 jam
1100 961 1270 1030 morsibus
1282 963 1379 1030 uncis

399 1081 483 1166 (Pro
495 1075 605 1143 furor!
620 1097 730 1169 usque
741 1071 827 1141 adeo
838 1070 906 1140 tela
918 1073 1196 1160 exsatiavimusi)
1209 1087 1302 1140 artus

397 1189 738 1257 Dilaceraut:noune
750 1186 917 1280 Hyrcanis
929 1182 1055 1253 bellare
1066 1186 1192 1277 putatis
1376 1195 1406 1248 15

396 1302 578 1398 Tigribus?
589 1317 648 1370 aut
660 1325 767 1370 saevos
779 1300 895 1395 Libyae
906 1301 1075 1368 contraire
1087 1296 1223 1366 leones?

397 1421 441 1484 Et
451 1436 544 1483 nunc
555 1412 611 1480 ille
620 1409 711 1506 jacet
723 1410 886 1504 (pulchra
898 1435 918 1478 o
931 1408 1049 1479 solatia
1061 1407 1120 1476 leti
1130 1414 1157 1496 l)

398 1529 466 1596 Ore
477 1541 598 1592 tenens
611 1520 734 1591 hostile
746 1537 865 1614 caput,
879 1521 1037 1616 dulcique
1049 1519 1217 1590 nefandus

399 1637 596 1704 immoritur
607 1633 705 1702 tabo:
720 1658 782 1701 nos
796 1633 926 1701 ferrum
938 1635 1035 1715 mite,
1048 1632 1224 1728 facesque:

328 1784 331 1790 ·
397 1745 468 1814 Illis
480 1744 573 1814 nuda
584 1745 677 1827 odia,
691 1760 725 1812 et
735 1744 850 1812 feritas
859 1740 932 1836 jam
943 1765 1014 1811 non
1026 1757 1101 1834 eget
1115 1743 1228 1810 armis.
1373 1771 1406 1805 20

349 1985 491 2040 lectionem
509 1987 574 2056 neg.
594 1987 614 2038 B
631 1985 728 2053 babet,
748 1986 812 2057 Reg.
833 1985 855 2036 (l
898 1983 946 2036 bes
961 1983 1033 2056 apud
1045 1982 1202 2036 iuvenalem
1215 1982 1269 2036 Sat.
1281 1982 1328 2048 Ν,
1342 1999 1400 2035 ιοο.

348 2079 478 2124 nomam.
495 2067 543 2120 En.
898 2063 941 2116 Sic
954 2067 1070 2116 «Poenos
1084 2063 1197 2116 leones·
1213 2061 1279 2114 dixit
1290 2061 1403 2116 Ovidius

388 2162 429 2200 to.
449 2146 565 2199 Turbato
581 2142 705 2218 sepulcris
725 2147 785 2199 Ossa
803 2164 855 2218 pa·
897 2136 1251 2212 Trist.1V,Eleg.6,r.5;
1267 2141 1405 2192 «Ossaeam

350 2236 429 2278 mm.
442 2222 524 2294 Apud
531 2227 640 2278 Veteres
650 2225 721 2276 enirn
730 2223 854 2297 sepulcra
897 2237 988 2273 ursam
998 2244 1027 2288 ι,
1038 2221 1103 2273 Met.
1114 2222 1177 2286 XII,
1188 2221 1256 2291 3¹9,
1267 2221 1404 2293 quomodo

350 2306 482 2376 majorum
507 2304 534 2355 in
558 2321 662 2356 summa
684 2303 855 2354 veneratione
900 2314 927 2354 et
942 2300 1069 2372 Virgilius
1085 2304 1113 2354 in
1127 2300 1232 2372 Eclogis
1250 2315 1277 2353 et
1292 2303 1319 2353 in
1338 2303 1403 2355 Ciri.

350 2396 439 2446 eraut;
448 2381 569 2455 nihilque
579 2394 634 2434 tam
643 2399 711 2452 egre
720 2379 855 2445 ferebant,
902 2403 914 2427 ι
924 2380 1062 2433 Gaetulos·
1086 2380 1196 2433 Plautus
1214 2379 1402 2447 Menaechmis,

350 2481 432 2536 quain
443 2480 476 2516 ea
487 2459 599 2528 violari,
610 2477 642 2512 sc
652 2461 733 2511 vitam
744 2458 857 2531 profun-
901 2471 953 2512 set.
966 2460 998 2527 V,
1014 2478 1049 2512 ec.
1062 2477 1091 2527 a,
1105 2480 1130 2512 v.
1147 2476 1206 2528 ιιι,
1221 2472 1248 2512 et
1260 2461 1401 2526 Horatius,

350 2540 451 2596 debant
463 2540 578 2593 libenter
588 2539 622 2592 etl
633 2558 664 2592 ee
677 2537 853 2591 defendenda.
907 2541 935 2606 1,
946 2538 999 2592 od.
1013 2557 1062 2606 nn,
1076 2557 1117 2591 to.

389 2640 430 2675 rr.
448 2622 540 2675 -Uruoe,
552 2622 623 2674 Vua
635 2624 662 2674 in
676 2619 773 2694 quibus
785 2621 856 2673 cine-
940 2618 979 2670 16.
994 2619 1089 2691 Libye.
1101 2617 1185 2691 Libya
1193 2618 1304 2686 Grecis,
1314 2619 1405 2674 Africa

350 2720 392 2756 res
410 2715 438 2754 et
457 2719 519 2756 osea
537 2712 705 2754 mortuorum
725 2698 856 2752 reconde-
900 2699 1015 2762 Laome,
1027 2699 1104 2751 tertia
1115 2715 1177 2770 pars
1188 2699 1283 2752 veteris
1294 2697 1376 2752 orbis.

350 2780 458 2835 bantur.
675 2826 678 2836 ,
940 2776 1404 2849 ¹7.Pulebraosolutiuleti.lleg.ll‚

326 2919 328 2926 ¹
384 2854 855 2935 requiquamml’eusqtusrrpple,
899 2857 1403 2912 ultraosolatiuletibabetsinesensu.

350 2957 383 2992 ex
395 2938 527 3012 Pelesgies
539 2956 594 2990 non
611 2937 682 2988 enirn
697 2932 779 2988 dandi
791 2953 855 2987 casu
900 2939 946 2992 En.
960 2969 994 2980 -
1006 2939 1125 2991 Pulclrru
1139 2957 1155 2991 o
1167 2937 1261 2991 solutio
1277 2937 1331 2990 leti.
1347 2939 1405 2990 lro-

348 3018 519 3093 bicPelasqis
525 3015 697 3078 sumendum
706 3014 856 3068 aliesllteo·
900 3021 973 3086 nice,
987 3019 1141 3070 Lactantius
1151 3017 1215 3088 legit
1225 3015 1339 3090 pulchri.

348 3098 403 3152 cles
419 3099 475 3152 suis
490 3096 664 3171 persuaderet
681 3094 726 3161 id,
740 3092 815 3166 quod
827 3095 855 3146 in
940 3113 979 3166 ¹9·
989 3096 1153 3169 Nasson-um
1161 3098 1233 3149 mite.
1242 3095 1405 3170 Supple,ba-

349 3177 466 3250 Pelasgis
487 3195 535 3231 seu
557 3177 660 3246 Argivis
680 3187 735 3226 tam
759 3175 855 3226 acriter
900 3174 1003 3228 bemus.
1024 3203 1061 3217 -
1081 3177 1217 3249 Fucesque.
1238 3177 1307 3228 lliuc
1325 3177 1405 3228 etiam

351 3256 544 3329 reprehendit,
569 3256 694 3308 nimbum
718 3253 856 3307 bominem
901 3253 1403 3308 urustaetlarumiubelloobservandus.

351 3339 463 3392 unisse.
900 3334 998 3388 ——Nos
1001 3333 1104 3407 ferrum
1115 3335 1191 3401 mite,
1197 3335 1405 3408 facesque.Qun

389 3419 430 3487 14.
449 3419 503 3471 Pro
512 3417 611 3490 furor!
625 3433 707 3487 usque
722 3412 786 3466 adeo
802 3414 856 3466 tela
901 3412 963 3467 odia
977 3434 1033 3468 non
1047 3415 1192 3468 extendunt
1202 3414 1273 3468 ultre
1284 3430 1403 3469 mortem.

349 3496 549 3550 exsutieuimm?
560 3493 604 3546 lla
612 3491 706 3564 furor!
718 3508 787 3544 unus
803 3493 855 3545 Be·
899 3500 956 3551 Noe
971 3512 1092 3551 tenemus
1108 3499 1208 3550 ferrum
1222 3511 1250 3549 et
1264 3499 1353 3565 feces,
1367 3497 1406 3550 illi

350 3573 408 3628 bot.
421 3573 615 3627 exuturuuimus
626 3571 695 3624 Dan.
708 3571 762 3623 Pet.
776 3569 854 3622 Laur.
897 3591 1018 3649 pugnans
1032 3577 1109 3631 odiis,
1127 3579 1187 3630 ves.
1200 3575 1288 3629 schol.

349 3653 436 3707 Plane.
445 3651 625 3722 lindenbrog.
637 3650 759 3721 plerique
769 3662 796 3702 et
804 3651 855 3703 Ge·
937 3673 979 3709 no.
989 3656 1049 3710 Illis
1056 3657 1126 3710 nuda
1134 3657 1194 3710 odiu
1199 3695 1209 3724 ,
1217 3665 1243 3708 et
1245 3655 1341 3728 feritas
1341 3659 1404 3728 jam

348 3745 416 3785 wi·
434 3731 608 3785 exalissvt‘mut
622 3729 715 3782 Behflt·
734 3746 764 3795 ²,
783 3747 856 3782 em·
899 3755 954 3789 non
968 3747 1025 3811 eqet
1037 3737 1124 3790 armis.
1141 3739 1241 3788 aForte
1257 3733 1351 3786 melius
1364 3735 1404 3786 le-

350 3811 473 3863 mutuus
483 3807 576 3862 Βθῆὓῑ·
591 3825 614 3874 ῑι
623 3820 650 3860 ⁶¹
660 3811 779 3860 Ρθῑΐθῡῑ·
899 3831 993 3888 gutur:
1008 3818 1087 3868 cmda
1099 3817 1166 3868 odic.
1182 3815 1234 3868 Sed
1246 3816 1312 3868 citra
1322 3817 1404 3868 virtu·

381 3887 853 3962 ¹5·Hyrcani³T59rll7u³·Tlgritenlm
899 3909 952 3947 tem
965 3897 1043 3948 meris
1054 3893 1114 3946 illes
1124 3893 1192 3946 odiis
1203 3907 1318 3946 armatos
1329 3908 1405 3947 autu·

347 3972 406 4025 iera
419 3966 688 4023 truculentissimum
702 3968 854 4023 crudelissi-
897 3987 961 4027 mat.
974 3973 1046 4026 Libri
1061 3973 1127 4027 nibil
1139 3987 1258 4041 mutant,
1270 3986 1297 4026 et
1308 3993 1403 4046 suspe-

346 4069 400 4104 ma.
419 4075 456 4091 -
473 4049 612 4122 Hyrcanis.
630 4051 762 4122 Hyrcanis
779 4052 852 4122 regio
898 4066 1042 4106 esttamen
1060 4066 1123 4106 sunt
1140 4053 1230 4106 verbs.
1251 4055 1403 4107 bernartius

347 4132 414 4185 Asin
423 4129 458 4184 etl
469 4129 543 4183 Mers
553 4131 715 4204 Hyrcanum.
725 4132 851 4204 Hyrcana
896 4135 1065 4203 conjecturas
1082 4133 1132 4185 1112·
1145 4133 1217 4186 nuda
1230 4133 1308 4199 odiu,
1325 4135 1402 4186 intri-

345 4211 424 4282 tiflres
433 4223 532 4280 autem,
542 4224 571 4262 ut
578 4227 654 4264 ursos
663 4209 793 4264 Numidae
802 4210 852 4264 ba·
896 4224 955 4264 cata
966 4215 1049 4284 magis
1060 4214 1140 4266 enam
1150 4214 1263 4267 intricat.
1271 4217 1362 4274 Potest
1372 4225 1402 4266 ut
