3272 5166
412 497 477 566 258
646 497 681 559 P.
708 497 742 558 P.
768 494 920 560 STATH
944 494 1217 561 THEBAIDOS

455 623 596 714 Agmina
609 634 642 686 et
654 620 837 686 immeritas
848 617 938 685 ferro
949 619 1141 686 decrescere
1153 635 1278 710 gentes.

455 732 618 801 Panditur
629 735 794 800 immenso
806 729 965 798 deformis
978 733 1139 822 sanguine
1150 753 1300 824 campus.
1435 749 1450 800 ⁵

456 845 529 914 Illic
540 867 651 928 erma,
664 861 698 912 et
709 867 830 939 equos,
844 843 937 911 ibant
948 843 1071 938 quibus
1083 861 1161 912 ante
1173 844 1327 938 superbi,

455 960 654 1052 Funeraque
662 955 849 1048 orbarogis,
858 953 1234 1051 neglectaquemembra
1242 951 1447 1052 relinquunt.

454 1073 553 1136 Tunc
564 1067 729 1136 inhonore
740 1067 861 1136 cohors
873 1067 991 1135 laceris
1003 1066 1189 1158 insignibus
1201 1091 1307 1160 aegras

454 1183 638 1252 Secernunt
648 1183 751 1262 acies,
766 1195 954 1274 portaeque,
967 1178 1161 1248 ineuntibus
1172 1203 1266 1246 orme

454 1297 613 1382 Angustos
624 1289 773 1382 populis,
786 1289 853 1356 lete
864 1313 982 1382 cepere
994 1311 1156 1357 resersos.

453 1408 515 1470 Per
526 1405 696 1497 utrimque
708 1401 804 1484 dolor
815 1429 822 1468 :
834 1401 893 1469 sed
906 1401 988 1469 dent
999 1400 1117 1470 solatio
1128 1399 1252 1468 Thebis

452 1517 604 1599 Quetuor
616 1529 764 1580 errantes
776 1517 929 1578 Danaum
941 1515 1014 1579 sine
1025 1510 1167 1604 praeside
1180 1526 1316 1592 turmae3

452 1627 522 1691 Ceu
533 1647 625 1690 mare
636 1646 698 1716 per
708 1619 878 1689 tumidum
889 1617 1264 1696 viduaemodemntibus
1276 1612 1343 1688 alni
1354 1672 1363 1702 ,

405 1817 615 1888 pitriinventum
625 1834 680 1868 rem
690 1828 844 1887 presentem
853 1812 904 1865 cia·
949 1832 1046 1878 eorus,
1066 1831 1160 1887 egens,
1181 1815 1281 1886 perfert
1300 1811 1448 1865 miserabile

388 1919 391 1926 ¹
405 1899 460 1949 rius
470 1895 581 1947 inducit.
593 1919 604 1942 ι
618 1899 712 1949 Binrn.
721 1895 811 1956 -Sed
822 1897 903 1960 triste,
948 1896 1020 1964 pecie
1038 1894 1211 1966 Supplicium.
1223 1917 1234 1942 ι
1253 1894 1325 1946 bello
1341 1893 1446 1946 Gildon.

406 1985 444 2028 tot
464 1985 543 2048 extra.
562 1973 693 2028 Acerbum
711 1987 768 2026 erut
783 1974 842 2025 dori
863 1985 904 2026 tot
946 1975 1106 2046 Exprimitur
1118 1975 1242 2045 Virfliiiue
1258 1973 1291 2026 de
1306 1971 1447 2045 Deiphobo

404 2067 496 2126 flentes
506 2056 592 2126 perire
604 2073 660 2128 quse
670 2065 798 2106 venerant
807 2050 903 2104 auxilia
948 2054 1005 2105 AEu.
1019 2055 1068 2122 Vl,
1083 2055 1150 2124 497:
1166 2067 1293 2106 strunces
1307 2052 1447 2106 inhonesto

405 2134 562 2204 Argivorum
578 2151 608 2184 ec
623 2131 830 2184 Thebanorum:
849 2149 904 2182 non
947 2131 1055 2186 vulnere
1071 2153 1178 2186 neres.»

405 2213 474 2264 enim
494 2213 631 2263 miseratur
647 2213 758 2282 Argivos
773 2209 904 2261 autThe·
982 2230 1007 2282 9.
1032 2213 1172 2266 Secernurrt
1196 2213 1278 2276 acies,
1301 2221 1447 2285 parteque,

397 2279 501 2354 ¹ben0s3
512 2301 652 2361 utrumque
663 2291 731 2341 enim
741 2303 844 2360 gentem
854 2307 905 2340 rne-
947 2287 1093 2344 ineuntibus
1101 2309 1184 2344 arma.
1197 2313 1209 2337 ι
1219 2293 1281 2344 Non
1291 2307 1359 2362 opus
1373 2291 1448 2362 quid-

405 2373 460 2424 ritis
476 2372 560 2443 pceois
575 2370 680 2422 afficere
694 2369 859 2436 decreverat,
873 2383 903 2420 ut
949 2389 1028 2442 quam
1046 2371 1089 2424 bic
1104 2373 1213 2434 muteri;
1232 2389 1293 2424 nem
1307 2385 1369 2424 sunt
1387 2369 1448 2424 libri

404 2451 516 2504 vidimus
527 2449 612 2502 Theb.
624 2452 649 2514 1,
661 2467 698 2501 rs.
712 2447 773 2514 ²⁴5·
948 2467 1046 2504 veteres
1064 2471 1128 2505 aruc
1144 2453 1323 2524 preferentes.
1342 2453 1445 2504 inseite.

440 2532 466 2598 4.
490 2530 603 2602 Agmina
626 2539 652 2579 et
673 2527 814 2579 immeritas
829 2527 902 2592 ferro
947 2533 976 2582 ln
992 2536 1092 2604 optimo
1109 2531 1201 2584 codice
1216 2530 1270 2582 hec
1284 2530 1373 2601 glossa
1392 2546 1445 2584 est:

405 2609 541 2661 decrescere
550 2616 646 2680 pentes.
659 2605 773 2679 Apstine
775 2609 836 2678 jam
848 2625 903 2657 me·
949 2631 961 2654 ι
971 2609 1067 2676 Anna,
1088 2608 1104 2661 i.
1124 2629 1147 2660 e.
1163 2605 1277 2675 bellum,
1296 2607 1421 2682 praelium.
1433 2635 1443 2656 ι

405 2688 546 2757 ritueferro
558 2687 696 2739 decrescere
705 2697 794 2758 qeates
807 2685 868 2754 Reg.
883 2694 903 2742 B
947 2687 1040 2740 Bsnrs.
1058 2720 1090 2728 -
1106 2688 1258 2742 ineuntibus
1272 2707 1366 2741 arma:
1382 2707 1447 2760 pro-

404 2767 527 2834 exhibet,
549 2768 611 2838 Reg.
633 2767 654 2818 C
675 2777 792 2817 nostram
811 2763 903 2816 lectio·
948 2767 1070 2820 euntibus
1078 2770 1104 2818 in
1113 2767 1232 2835 erma,id
1240 2767 1446 2834 est‚edbclium.

404 2865 474 2900 nem.
492 2849 538 2898 En.
694 2897 701 2906 ,
987 2863 1026 2899 10.
1045 2847 1177 2919 Anymtoe.
1190 2847 1232 2900 Ob
1244 2849 1351 2900 nimium
1364 2847 1448 2900 mubi-

439 2925 464 2980 5.
485 2925 622 2991 Panditur,
636 2938 687 2976 ete.
704 2925 781 2974 Hune
799 2941 902 2975 versum
947 2926 1073 2979 tudinem.
1090 2957 1126 2966 -
1141 2927 1205 2979 Late
1223 2947 1311 2999 cepere
1329 2947 1444 2982 reversos.

404 3020 429 3060 et
442 3005 496 3060 duo
510 3020 649 3078 sequentes
661 3005 834 3074 transpositos
845 3021 901 3055 esse
946 3004 1039 3056 Paucis
1054 3005 1154 3058 seilicet
1168 3005 1348 3059 redeuntibus.

386 3085 458 3140 'vuit
472 3086 606 3159 Gnyetns,
621 3099 647 3137 et
664 3083 724 3136 ioco
739 3102 830 3136 eorum
848 3095 900 3135 tres
984 3103 1023 3136 rr.
1035 3085 1322 3158 Parutn'mquedoior:
1332 3087 1447 3142 seddaut

402 3179 541 3237 sequentes
570 3163 720 3235 ponendos.
749 3161 899 3229 Quinetiam
944 3163 1037 3219 solatia
1057 3165 1158 3218 Thebis.
1179 3167 1233 3218 Par
1252 3169 1354 3241 utrique
1373 3169 1448 3221 dolor

404 3247 508 3316 utrique
522 3246 572 3315 ipsi
585 3245 700 3316 suspecti
715 3257 790 3307 sunt,
802 3256 829 3294 et
840 3243 901 3294 insi-
944 3247 971 3298 iu
984 3244 1142 3316 quibusdam
1156 3245 1235 3298 codd.
1252 3245 1298 3298 sed
1315 3247 1366 3300 hoe
1381 3247 1445 3300 nihii

402 3327 452 3377 titii
466 3325 598 3378 videntur.
610 3323 701 3390 Quare
711 3320 737 3373 ri
748 3333 835 3396 ⁸qeutes
844 3341 902 3374 ver·
945 3323 1016 3376 eliud
1027 3342 1106 3396 quern
1117 3326 1235 3395 utrique,
1249 3325 1290 3378 vel
1302 3325 1445 3398 utrimque,

403 3423 447 3457 sus
457 3404 486 3471 d,
494 3405 582 3476 jungit
592 3421 651 3453 curn
660 3420 710 3472 par
720 3401 848 3471 utrimque
856 3401 901 3451 do·
946 3401 1019 3472 quod
1037 3420 1068 3452 ex
1087 3403 1193 3472 optimis
1212 3417 1237 3454 et
1256 3407 1445 3476 antiquissimis

403 3485 444 3538 lor
453 3504 542 3538 versus
560 3503 600 3536 11.
610 3513 645 3522 —
657 3482 793 3534 Panditur.
809 3482 900 3532 Disce·
944 3478 1105 3531 membranis
1117 3481 1195 3530 effert
1208 3479 1337 3534 Barthius.
1347 3483 1447 3535 -Par

401 3563 525 3616 dentibus
543 3563 640 3635 copiis,
658 3561 754 3632 quibus
768 3574 845 3614 entes
860 3575 901 3613 te·
944 3558 1072 3629 utrimque
1085 3556 1167 3608 detor.
1179 3558 1249 3625 Quia
1263 3563 1353 3632 msqni
1364 3561 1445 3613 duces

401 3642 522 3713 gebatur.
945 3655 976 3688 ex
988 3651 1101 3708 utreque
1113 3651 1189 3707 perte
1201 3636 1362 3692 ceciderunt.

437 3739 462 3792 7.
481 3723 631 3793 Phneruque
644 3721 706 3771 orba
720 3720 799 3792 rupis,
814 3719 900 3792 nepte-
983 3732 1023 3767 ια.
1044 3716 1160 3784 Quatuar
1168 3729 1294 3784 errantes,
1307 3732 1357 3770 etc.
1372 3719 1445 3785 Que-

400 3809 492 3872 staque
503 3801 617 3850 membra
632 3798 791 3868 relinquunt.
807 3801 868 3868 θος.
881 3800 900 3850 Β
945 3809 1006 3846 tuor
1014 3793 1096 3846 duces
1106 3796 1264 3864 Argivorum
1273 3800 1328 3866 jum
1342 3796 1446 3851 cecide·

399 3877 493 3944 hebet,
508 3880 536 3932 F.
550 3897 573 3931 o.
586 3897 606 3930 r.
620 3878 770 3950 necletaque
784 3881 897 3930 membra
946 3887 1018 3939 rant,
1039 3875 1162 3924 nimirum
1183 3875 1374 3946 Amphiaraus,
1393 3879 1444 3949 ry-

400 3955 557 4029 reh'nquurrt.
576 3985 611 3999 -
629 3957 697 4010 oda
712 3959 785 4029 repis.
804 3957 899 4030 Sepni-
945 3953 1031 4018 deun,
1053 3954 1260 4025 Hippomedon,
1284 3970 1311 4008 et
1336 3955 1445 4008 Parthe-

400 4050 459 4086 ωτι
473 4037 598 4088 carenda.
617 4037 742 4087 inesses.
945 4049 1062 4105 nopm

434 4117 459 4168 8.
472 4114 608 4170 ledonem
620 4115 718 4167 cohors.
728 4116 823 4186 Turpis
833 4117 897 4166 visu.
983 4114 1022 4164 ¹3.
1052 4111 1144 4164 Vidua
1163 4113 1355 4169 moderantibus
1376 4116 1443 4169 adai.

398 4193 602 4262 Cieadien.XV,
612 4209 705 4263 vs.99:
718 4193 816 4244 eNuoc
826 4191 900 4244 iehe-
944 4189 1171 4245 Guberueteribue
1191 4191 1330 4246 dantum.
1353 4195 1446 4248 Mede-
