<?xml version="1.0" encoding="UTF-8"?>
<!DOCTYPE html PUBLIC "-//W3C//DTD XHTML 1.0 Transitional//EN"
    "http://www.w3.org/TR/xhtml1/DTD/xhtml1-transitional.dtd">
<html xmlns="http://www.w3.org/1999/xhtml" xml:lang="en" lang="en">
 <head>
  <title>
</title>
<meta http-equiv="Content-Type" content="text/html;charset=utf-8" />
  <meta name='ocr-system' content='tesseract 3.04.00' />
  <meta name='ocr-capabilities' content='ocr_page ocr_carea ocr_par ocr_line ocrx_word'/>
</head>
<body>
  <div class='ocr_page' id='page_1' title='image "./libriquinquesil00statgoog_0543.png"; bbox 0 0 3194 5156; ppageno 0'>
   <div class='ocr_carea' id='block_1_1' title="bbox 398 491 1235 604">
    <p class='ocr_par' dir='ltr' id='par_1_1' title="bbox 398 491 1235 604">
     <span class='ocr_line' id='line_1_1' title="bbox 398 491 1235 604; baseline 0 0"><span class='ocrx_word' id='word_1_1' title='bbox 398 491 467 604; x_wconf 50' lang='lat'><strong>536&#39;</strong></span> <span class='ocrx_word' id='word_1_2' title='bbox 604 537 641 602; x_wconf 86' lang='lat' dir='ltr'>r.</span> <span class='ocrx_word' id='word_1_3' title='bbox 668 537 703 600; x_wconf 84' lang='lat' dir='ltr'>r.</span> <span class='ocrx_word' id='word_1_4' title='bbox 727 534 882 602; x_wconf 76' lang='lat' dir='ltr'>srrru</span> <span class='ocrx_word' id='word_1_5' title='bbox 906 535 1235 604; x_wconf 76' lang='lat' dir='ltr'>rcurntnrnos</span> 
     </span>
    </p>
   </div>
   <div class='ocr_carea' id='block_1_2' title="bbox 440 662 1446 1420">
    <p class='ocr_par' dir='ltr' id='par_1_2' title="bbox 440 662 1446 1420">
     <span class='ocr_line' id='line_1_2' title="bbox 487 662 1330 758; baseline 0.001 -27"><span class='ocrx_word' id='word_1_6' title='bbox 487 665 598 732; x_wconf 87' lang='lat' dir='ltr'>Prima</span> <span class='ocrx_word' id='word_1_7' title='bbox 610 677 699 732; x_wconf 90' lang='lat' dir='ltr'>rates</span> <span class='ocrx_word' id='word_1_8' title='bbox 711 665 845 732; x_wconf 87' lang='lat' dir='ltr'>Danaas</span> <span class='ocrx_word' id='word_1_9' title='bbox 858 665 1015 732; x_wconf 79' lang='lat' dir='ltr'>Hecateia</span> <span class='ocrx_word' id='word_1_10' title='bbox 1027 680 1208 758; x_wconf 75' lang='lat' dir='ltr'>congregat</span> <span class='ocrx_word' id='word_1_11' title='bbox 1220 662 1330 749; x_wconf 80' lang='lat' dir='ltr'>Aulis,</span> 
     </span>
     <span class='ocr_line' id='line_1_3' title="bbox 440 771 1243 866; baseline 0.001 -26"><span class='ocrx_word' id='word_1_12' title='bbox 440 773 595 866; x_wconf 83' lang='lat' dir='ltr'>Rupibus</span> <span class='ocrx_word' id='word_1_13' title='bbox 607 775 784 866; x_wconf 78' lang='lat' dir='ltr'>expositis,</span> <span class='ocrx_word' id='word_1_14' title='bbox 797 771 957 866; x_wconf 77' lang='lat' dir='ltr'>longique</span> <span class='ocrx_word' id='word_1_15' title='bbox 969 771 1140 865; x_wconf 85' lang='lat' dir='ltr'>crepidine</span> <span class='ocrx_word' id='word_1_16' title='bbox 1151 773 1243 842; x_wconf 89' lang='lat' dir='ltr'>dorsi</span> 
     </span>
     <span class='ocr_line' id='line_1_4' title="bbox 440 881 1309 966; baseline 0.002 -14"><span class='ocrx_word' id='word_1_17' title='bbox 440 883 629 952; x_wconf 88' lang='lat' dir='ltr'>Euboicum</span> <span class='ocrx_word' id='word_1_18' title='bbox 642 881 809 952; x_wconf 87' lang='lat' dir='ltr'>scandens</span> <span class='ocrx_word' id='word_1_19' title='bbox 824 883 918 951; x_wconf 79' lang='lat' dir='ltr'>Aulis</span> <span class='ocrx_word' id='word_1_20' title='bbox 932 907 1039 966; x_wconf 86' lang='lat' dir='ltr'>mare,</span> <span class='ocrx_word' id='word_1_21' title='bbox 1053 881 1150 951; x_wconf 91' lang='lat' dir='ltr'>litora</span> <span class='ocrx_word' id='word_1_22' title='bbox 1162 883 1309 954; x_wconf 89' lang='lat' dir='ltr'>multum</span> 
     </span>
     <span class='ocr_line' id='line_1_5' title="bbox 440 987 1446 1087; baseline -0.002 -26"><span class='ocrx_word' id='word_1_23' title='bbox 440 994 643 1085; x_wconf 71' lang='lat' dir='ltr'>Montivagae</span> <span class='ocrx_word' id='word_1_24' title='bbox 654 992 776 1062; x_wconf 86' lang='lat' dir='ltr'>dilecta</span> <span class='ocrx_word' id='word_1_25' title='bbox 788 997 883 1060; x_wconf 80' lang='lat' dir='ltr'>Deae:</span> <span class='ocrx_word' id='word_1_26' title='bbox 897 987 1063 1087; x_wconf 84' lang='lat' dir='ltr'>juxtaque</span> <span class='ocrx_word' id='word_1_27' title='bbox 1073 991 1267 1086; x_wconf 83' lang='lat' dir='ltr'>Caphereus</span> <span class='ocrx_word' id='word_1_28' title='bbox 1394 1008 1446 1075; x_wconf 73' lang='lat' dir='ltr'>tto</span> 
     </span>
     <span class='ocr_line' id='line_1_6' title="bbox 443 1102 1260 1196; baseline 0.001 -25"><span class='ocrx_word' id='word_1_29' title='bbox 443 1108 618 1171; x_wconf 90' lang='lat' dir='ltr'>Latratum</span> <span class='ocrx_word' id='word_1_30' title='bbox 633 1102 753 1196; x_wconf 73' lang='lat' dir='ltr'>pelago</span> <span class='ocrx_word' id='word_1_31' title='bbox 767 1102 890 1171; x_wconf 81' lang='lat' dir='ltr'>tollens</span> <span class='ocrx_word' id='word_1_32' title='bbox 903 1120 1022 1196; x_wconf 90' lang='lat' dir='ltr'>caput:</span> <span class='ocrx_word' id='word_1_33' title='bbox 1038 1102 1094 1171; x_wconf 87' lang='lat' dir='ltr'>ille</span> <span class='ocrx_word' id='word_1_34' title='bbox 1106 1104 1260 1196; x_wconf 74' lang='lat' dir='ltr'>Pelasgas</span> 
     </span>
     <span class='ocr_line' id='line_1_7' title="bbox 442 1213 1273 1298; baseline 0.002 -16"><span class='ocrx_word' id='word_1_35' title='bbox 442 1219 488 1282; x_wconf 93' lang='lat' dir='ltr'>Ut</span> <span class='ocrx_word' id='word_1_36' title='bbox 499 1213 582 1283; x_wconf 89' lang='lat' dir='ltr'>vidit</span> <span class='ocrx_word' id='word_1_37' title='bbox 595 1230 772 1283; x_wconf 85' lang='lat' dir='ltr'>transnare</span> <span class='ocrx_word' id='word_1_38' title='bbox 782 1233 888 1298; x_wconf 89' lang='lat' dir='ltr'>rates,</span> <span class='ocrx_word' id='word_1_39' title='bbox 901 1231 954 1283; x_wconf 91' lang='lat' dir='ltr'>ter</span> <span class='ocrx_word' id='word_1_40' title='bbox 966 1232 1098 1298; x_wconf 89' lang='lat' dir='ltr'>monte,</span> <span class='ocrx_word' id='word_1_41' title='bbox 1110 1232 1162 1283; x_wconf 93' lang='lat' dir='ltr'>ter</span> <span class='ocrx_word' id='word_1_42' title='bbox 1174 1215 1273 1284; x_wconf 91' lang='lat' dir='ltr'>undis</span> 
     </span>
     <span class='ocr_line' id='line_1_8' title="bbox 443 1322 1202 1420; baseline 0.005 -30"><span class='ocrx_word' id='word_1_43' title='bbox 443 1327 611 1408; x_wconf 87' lang='lat' dir='ltr'>Intonuit,</span> <span class='ocrx_word' id='word_1_44' title='bbox 626 1349 792 1420; x_wconf 84' lang='lat' dir='ltr'>saevaeque</span> <span class='ocrx_word' id='word_1_45' title='bbox 804 1322 896 1392; x_wconf 89' lang='lat' dir='ltr'>dedit</span> <span class='ocrx_word' id='word_1_46' title='bbox 907 1328 1071 1418; x_wconf 72' lang='lat' dir='ltr'>praesagia</span> <span class='ocrx_word' id='word_1_47' title='bbox 1082 1329 1202 1394; x_wconf 89' lang='lat' dir='ltr'>noctis.</span> 
     </span>
    </p>
   </div>
   <div class='ocr_carea' id='block_1_3' title="bbox 440 1436 1446 1634">
    <p class='ocr_par' dir='ltr' id='par_1_3' title="bbox 440 1436 1446 1634">
     <span class='ocr_line' id='line_1_9' title="bbox 440 1436 1251 1534; baseline -0.002 -23"><span class='ocrx_word' id='word_1_48' title='bbox 440 1447 553 1511; x_wconf 86' lang='lat' dir='ltr'>Coetus</span> <span class='ocrx_word' id='word_1_49' title='bbox 563 1442 611 1510; x_wconf 94' lang='lat' dir='ltr'>ibi</span> <span class='ocrx_word' id='word_1_50' title='bbox 623 1465 798 1510; x_wconf 85' lang='lat' dir='ltr'>armorum</span> <span class='ocrx_word' id='word_1_51' title='bbox 809 1436 921 1532; x_wconf 84' lang='lat' dir='ltr'>Trojae</span> <span class='ocrx_word' id='word_1_52' title='bbox 933 1438 1060 1508; x_wconf 83' lang='lat' dir='ltr'>fatalis:</span> <span class='ocrx_word' id='word_1_53' title='bbox 1075 1439 1120 1508; x_wconf 91' lang='lat' dir='ltr'>ibi</span> <span class='ocrx_word' id='word_1_54' title='bbox 1133 1442 1251 1534; x_wconf 74' lang='lat' dir='ltr'>ingens</span> 
     </span>
     <span class='ocr_line' id='line_1_10' title="bbox 440 1547 1446 1634; baseline -0.003 -14"><span class='ocrx_word' id='word_1_55' title='bbox 440 1547 1196 1634; x_wconf 86' lang='lat' dir='ltr'>Juraturhellum‚donecsolannuusomnes</span> <span class='ocrx_word' id='word_1_56' title='bbox 1395 1562 1446 1630; x_wconf 75' lang='lat'>4⁵⁵</span> 
     </span>
    </p>
   </div>
   <div class='ocr_carea' id='block_1_4' title="bbox 388 1789 1455 4324">
    <p class='ocr_par' dir='ltr' id='par_1_4' title="bbox 388 1789 1455 4324">
     <span class='ocr_line' id='line_1_11' title="bbox 395 1789 1446 1865; baseline -0.005 -21"><span class='ocrx_word' id='word_1_57' title='bbox 395 1790 488 1844; x_wconf 87' lang='lat' dir='ltr'>Claud.</span> <span class='ocrx_word' id='word_1_58' title='bbox 503 1794 576 1859; x_wconf 84' lang='lat' dir='ltr'>vlu,</span> <span class='ocrx_word' id='word_1_59' title='bbox 587 1791 620 1846; x_wconf 89' lang='lat' dir='ltr'>de</span> <span class='ocrx_word' id='word_1_60' title='bbox 635 1796 669 1846; x_wconf 85' lang='lat' dir='ltr'>tv</span> <span class='ocrx_word' id='word_1_61' title='bbox 687 1793 766 1846; x_wconf 83' lang='lat' dir='ltr'>Coos.</span> <span class='ocrx_word' id='word_1_62' title='bbox 780 1796 848 1846; x_wconf 84' lang='lat' dir='ltr'>Heu.</span> <span class='ocrx_word' id='word_1_63' title='bbox 862 1813 899 1849; x_wconf 80' lang='lat' dir='ltr'>rs.</span> <span class='ocrx_word' id='word_1_64' title='bbox 945 1791 1172 1865; x_wconf 73' lang='lat' dir='ltr'>reuncaphureus</span> <span class='ocrx_word' id='word_1_65' title='bbox 1180 1792 1389 1864; x_wconf 85' lang='lat' dir='ltr'>promontorium</span> <span class='ocrx_word' id='word_1_66' title='bbox 1398 1789 1446 1840; x_wconf 84' lang='lat' dir='ltr'>Eu·</span> 
     </span>
     <span class='ocr_line' id='line_1_12' title="bbox 393 1867 1445 1944; baseline -0.005 -21"><span class='ocrx_word' id='word_1_67' title='bbox 393 1867 455 1936; x_wconf 70' lang='grc'><strong><em>461.</em></strong></span> <span class='ocrx_word' id='word_1_68' title='bbox 474 1871 598 1922; x_wconf 73' lang='lat' dir='ltr'>ninnium</span> <span class='ocrx_word' id='word_1_69' title='bbox 612 1873 709 1944; x_wconf 77' lang='lat' dir='ltr'>tegitur</span> <span class='ocrx_word' id='word_1_70' title='bbox 723 1872 799 1938; x_wconf 82' lang='lat' dir='ltr'>veiis,</span> <span class='ocrx_word' id='word_1_71' title='bbox 814 1875 901 1925; x_wconf 81' lang='lat' dir='ltr'>venti·</span> <span class='ocrx_word' id='word_1_72' title='bbox 944 1869 1009 1926; x_wconf 82' lang='lat' dir='ltr'>hoeae</span> <span class='ocrx_word' id='word_1_73' title='bbox 1023 1871 1127 1938; x_wconf 73' lang='lat' dir='ltr'>insulas,</span> <span class='ocrx_word' id='word_1_74' title='bbox 1139 1883 1169 1923; x_wconf 90' lang='lat' dir='ltr'>nt</span> <span class='ocrx_word' id='word_1_75' title='bbox 1176 1873 1233 1942; x_wconf 86' lang='lat' dir='ltr'>jam</span> <span class='ocrx_word' id='word_1_76' title='bbox 1240 1867 1365 1934; x_wconf 82' lang='lat' dir='ltr'>diximus,</span> <span class='ocrx_word' id='word_1_77' title='bbox 1374 1869 1445 1918; x_wconf 82' lang='lat' dir='ltr'>Bmo·</span> 
     </span>
     <span class='ocr_line' id='line_1_13' title="bbox 394 1948 1173 2022; baseline 0.001 -22"><span class='ocrx_word' id='word_1_78' title='bbox 394 1967 446 2022; x_wconf 89' lang='lat' dir='ltr'>que</span> <span class='ocrx_word' id='word_1_79' title='bbox 465 1948 589 2000; x_wconf 82' lang='lat' dir='ltr'>laborant</span> <span class='ocrx_word' id='word_1_80' title='bbox 606 1949 657 2001; x_wconf 92' lang='lat' dir='ltr'>Tot</span> <span class='ocrx_word' id='word_1_81' title='bbox 675 1968 783 2002; x_wconf 79' lang='lat' dir='ltr'>curvare</span> <span class='ocrx_word' id='word_1_82' title='bbox 803 1953 898 2005; x_wconf 83' lang='lat' dir='ltr'>sinus·</span> <span class='ocrx_word' id='word_1_83' title='bbox 945 1951 1008 2003; x_wconf 86' lang='lat' dir='ltr'>tiam</span> <span class='ocrx_word' id='word_1_84' title='bbox 1022 1952 1173 2022; x_wconf 81' lang='lat' dir='ltr'>respiciens.</span> 
     </span>
     <span class='ocr_line' id='line_1_14' title="bbox 394 2023 1446 2102; baseline -0.006 -22"><span class='ocrx_word' id='word_1_85' title='bbox 394 2028 430 2080; x_wconf 88' lang='lat' dir='ltr'>ad</span> <span class='ocrx_word' id='word_1_86' title='bbox 440 2047 518 2102; x_wconf 87' lang='lat' dir='ltr'>quem</span> <span class='ocrx_word' id='word_1_87' title='bbox 526 2029 616 2081; x_wconf 86' lang='lat' dir='ltr'>locum</span> <span class='ocrx_word' id='word_1_88' title='bbox 624 2029 718 2082; x_wconf 84' lang='lat' dir='ltr'>videsis</span> <span class='ocrx_word' id='word_1_89' title='bbox 727 2044 819 2083; x_wconf 86' lang='lat' dir='ltr'>notata</span> <span class='ocrx_word' id='word_1_90' title='bbox 830 2044 899 2084; x_wconf 87' lang='lat' dir='ltr'>nost.</span> <span class='ocrx_word' id='word_1_91' title='bbox 981 2027 1042 2094; x_wconf 72' lang='lat'>451.</span> <span class='ocrx_word' id='word_1_92' title='bbox 1058 2028 1203 2080; x_wconf 75' lang='lat' dir='ltr'>Lanatum.</span> <span class='ocrx_word' id='word_1_93' title='bbox 1214 2025 1318 2078; x_wconf 83' lang='lat' dir='ltr'>Passive</span> <span class='ocrx_word' id='word_1_94' title='bbox 1328 2023 1382 2076; x_wconf 87' lang='lat' dir='ltr'>sine</span> <span class='ocrx_word' id='word_1_95' title='bbox 1392 2023 1446 2074; x_wconf 90' lang='lat' dir='ltr'>ori·</span> 
     </span>
     <span class='ocr_line' id='line_1_15' title="bbox 395 2099 1445 2181; baseline -0.008 -21"><span class='ocrx_word' id='word_1_96' title='bbox 395 2107 456 2160; x_wconf 89' lang='lat' dir='ltr'>edit.</span> <span class='ocrx_word' id='word_1_97' title='bbox 471 2123 533 2160; x_wconf 90' lang='lat' dir='ltr'>torn.</span> <span class='ocrx_word' id='word_1_98' title='bbox 547 2109 570 2172; x_wconf 86' lang='grc' dir='ltr'>Ι,</span> <span class='ocrx_word' id='word_1_99' title='bbox 584 2129 610 2181; x_wconf 89' lang='lat' dir='ltr'>p.</span> <span class='ocrx_word' id='word_1_100' title='bbox 624 2107 686 2163; x_wconf 81' lang='lat'>301.</span> <span class='ocrx_word' id='word_1_101' title='bbox 702 2111 750 2162; x_wconf 87' lang='lat' dir='ltr'>Eo.</span> <span class='ocrx_word' id='word_1_102' title='bbox 944 2105 1005 2176; x_wconf 71' lang='lat' dir='ltr'>gine</span> <span class='ocrx_word' id='word_1_103' title='bbox 1023 2105 1103 2157; x_wconf 78' lang='lat' dir='ltr'>verbi.</span> <span class='ocrx_word' id='word_1_104' title='bbox 1123 2107 1184 2157; x_wconf 87' lang='lat' dir='ltr'>Non</span> <span class='ocrx_word' id='word_1_105' title='bbox 1203 2104 1273 2155; x_wconf 87' lang='lat' dir='ltr'>enim</span> <span class='ocrx_word' id='word_1_106' title='bbox 1292 2102 1388 2153; x_wconf 88' lang='lat' dir='ltr'>dicitur</span> <span class='ocrx_word' id='word_1_107' title='bbox 1405 2099 1445 2152; x_wconf 81' lang='lat' dir='ltr'>lc-</span> 
     </span>
     <span class='ocr_line' id='line_1_16' title="bbox 430 2183 1325 2258; baseline -0.007 -20"><span class='ocrx_word' id='word_1_108' title='bbox 430 2187 492 2258; x_wconf 78' lang='grc'><strong><em>447.</em></strong></span> <span class='ocrx_word' id='word_1_109' title='bbox 508 2187 625 2240; x_wconf 78' lang='lat' dir='ltr'>Danaas.</span> <span class='ocrx_word' id='word_1_110' title='bbox 641 2189 755 2241; x_wconf 75' lang='lat' dir='ltr'>Graeeas.</span> <span class='ocrx_word' id='word_1_111' title='bbox 770 2219 805 2232; x_wconf 89' lang='lat'>.-</span> <span class='ocrx_word' id='word_1_112' title='bbox 816 2189 901 2242; x_wconf 42' lang='lat' dir='ltr'>Heca</span> <span class='ocrx_word' id='word_1_113' title='bbox 946 2195 1006 2238; x_wconf 88' lang='lat' dir='ltr'>trcr.</span> <span class='ocrx_word' id='word_1_114' title='bbox 1020 2213 1056 2224; x_wconf 88' lang='lat'>-</span> <span class='ocrx_word' id='word_1_115' title='bbox 1069 2183 1198 2256; x_wconf 74' lang='lat' dir='ltr'>Pelasput.</span> <span class='ocrx_word' id='word_1_116' title='bbox 1212 2183 1325 2235; x_wconf 78' lang='lat' dir='ltr'>Graecas.</span> 
     </span>
     <span class='ocr_line' id='line_1_17' title="bbox 394 2263 1445 2338; baseline -0.006 -20"><span class='ocrx_word' id='word_1_117' title='bbox 394 2265 445 2318; x_wconf 81' lang='lat' dir='ltr'>teia</span> <span class='ocrx_word' id='word_1_118' title='bbox 468 2265 552 2318; x_wconf 82' lang='lat' dir='ltr'>Aulis.</span> <span class='ocrx_word' id='word_1_119' title='bbox 574 2266 647 2319; x_wconf 81' lang='lat' dir='ltr'>Aulis</span> <span class='ocrx_word' id='word_1_120' title='bbox 666 2281 759 2338; x_wconf 89' lang='lat' dir='ltr'>portus</span> <span class='ocrx_word' id='word_1_121' title='bbox 779 2270 899 2337; x_wconf 67' lang='lat' dir='ltr'>licentiae,</span> <span class='ocrx_word' id='word_1_122' title='bbox 980 2263 1041 2334; x_wconf 65' lang='grc'><strong><em>452.</em></strong></span> <span class='ocrx_word' id='word_1_123' title='bbox 1059 2267 1094 2318; x_wconf 85' lang='lat' dir='ltr'>Ut</span> <span class='ocrx_word' id='word_1_124' title='bbox 1106 2265 1171 2318; x_wconf 78' lang='lat' dir='ltr'>vidit</span> <span class='ocrx_word' id='word_1_125' title='bbox 1181 2277 1314 2316; x_wconf 83' lang='lat' dir='ltr'>transnare</span> <span class='ocrx_word' id='word_1_126' title='bbox 1325 2271 1400 2326; x_wconf 86' lang='lat' dir='ltr'>rates,</span> <span class='ocrx_word' id='word_1_127' title='bbox 1412 2271 1445 2312; x_wconf 90' lang='lat' dir='ltr'>ter</span> 
     </span>
     <span class='ocr_line' id='line_1_18' title="bbox 394 2339 1448 2419; baseline -0.004 -23"><span class='ocrx_word' id='word_1_128' title='bbox 394 2343 441 2396; x_wconf 90' lang='lat' dir='ltr'>ubi</span> <span class='ocrx_word' id='word_1_129' title='bbox 451 2343 541 2397; x_wconf 79' lang='lat' dir='ltr'>classis</span> <span class='ocrx_word' id='word_1_130' title='bbox 550 2345 700 2398; x_wconf 76' lang='lat' dir='ltr'>Graecorurn</span> <span class='ocrx_word' id='word_1_131' title='bbox 711 2349 797 2419; x_wconf 86' lang='lat' dir='ltr'>primo</span> <span class='ocrx_word' id='word_1_132' title='bbox 808 2367 901 2402; x_wconf 86' lang='lat' dir='ltr'>conse·</span> <span class='ocrx_word' id='word_1_133' title='bbox 946 2356 1048 2412; x_wconf 86' lang='lat' dir='ltr'>monte,</span> <span class='ocrx_word' id='word_1_134' title='bbox 1066 2357 1105 2397; x_wconf 86' lang='lat' dir='ltr'>ter</span> <span class='ocrx_word' id='word_1_135' title='bbox 1118 2343 1201 2396; x_wconf 83' lang='lat' dir='ltr'>undis.</span> <span class='ocrx_word' id='word_1_136' title='bbox 1218 2343 1251 2395; x_wconf 89' lang='lat' dir='ltr'>Ut</span> <span class='ocrx_word' id='word_1_137' title='bbox 1264 2342 1328 2394; x_wconf 86' lang='lat' dir='ltr'>vidit</span> <span class='ocrx_word' id='word_1_138' title='bbox 1343 2339 1448 2392; x_wconf 80' lang='lat' dir='ltr'>transire</span> 
     </span>
     <span class='ocr_line' id='line_1_19' title="bbox 394 2419 1449 2496; baseline -0.004 -20"><span class='ocrx_word' id='word_1_139' title='bbox 394 2423 465 2478; x_wconf 84' lang='lat' dir='ltr'>disse</span> <span class='ocrx_word' id='word_1_140' title='bbox 479 2424 584 2478; x_wconf 87' lang='lat' dir='ltr'>dicitur.</span> <span class='ocrx_word' id='word_1_141' title='bbox 601 2457 634 2466; x_wconf 97' lang='lat'><em>-</em></span> <span class='ocrx_word' id='word_1_142' title='bbox 649 2428 782 2480; x_wconf 83' lang='lat' dir='ltr'>Hecateia.</span> <span class='ocrx_word' id='word_1_143' title='bbox 800 2429 830 2480; x_wconf 88' lang='lat' dir='ltr'>ld</span> <span class='ocrx_word' id='word_1_144' title='bbox 845 2443 898 2496; x_wconf 83' lang='lat' dir='ltr'>est,</span> <span class='ocrx_word' id='word_1_145' title='bbox 945 2436 1018 2478; x_wconf 81' lang='lat' dir='ltr'>rates.</span> <span class='ocrx_word' id='word_1_146' title='bbox 1038 2427 1123 2478; x_wconf 83' lang='lat' dir='ltr'>Petav.</span> <span class='ocrx_word' id='word_1_147' title='bbox 1145 2423 1191 2476; x_wconf 85' lang='lat' dir='ltr'>tibi</span> <span class='ocrx_word' id='word_1_148' title='bbox 1211 2433 1299 2474; x_wconf 88' lang='lat' dir='ltr'>monte</span> <span class='ocrx_word' id='word_1_149' title='bbox 1318 2432 1357 2472; x_wconf 85' lang='lat' dir='ltr'>ter</span> <span class='ocrx_word' id='word_1_150' title='bbox 1375 2419 1449 2472; x_wconf 83' lang='lat' dir='ltr'>undis</span> 
     </span>
     <span class='ocr_line' id='line_1_20' title="bbox 394 2501 1450 2578; baseline -0.004 -20"><span class='ocrx_word' id='word_1_151' title='bbox 394 2506 486 2558; x_wconf 67' lang='lat' dir='ltr'>Diana</span> <span class='ocrx_word' id='word_1_152' title='bbox 501 2518 671 2570; x_wconf 84' lang='lat' dir='ltr'>consecrata;</span> <span class='ocrx_word' id='word_1_153' title='bbox 684 2525 745 2574; x_wconf 85' lang='lat' dir='ltr'>pam</span> <span class='ocrx_word' id='word_1_154' title='bbox 759 2508 785 2558; x_wconf 92' lang='lat' dir='ltr'>in</span> <span class='ocrx_word' id='word_1_155' title='bbox 804 2507 900 2560; x_wconf 81' lang='lat' dir='ltr'>Aulide</span> <span class='ocrx_word' id='word_1_156' title='bbox 945 2507 1007 2560; x_wconf 77' lang='lat' dir='ltr'>Euo.</span> <span class='ocrx_word' id='word_1_157' title='bbox 1027 2509 1104 2578; x_wconf 73' lang='lat' dir='ltr'>Burg.</span> <span class='ocrx_word' id='word_1_158' title='bbox 1118 2535 1154 2548; x_wconf 79' lang='lat'><em>-</em></span> <span class='ocrx_word' id='word_1_159' title='bbox 1167 2505 1230 2575; x_wconf 73' lang='lat' dir='ltr'>fleg.</span> <span class='ocrx_word' id='word_1_160' title='bbox 1250 2505 1270 2554; x_wconf 90' lang='lat' dir='ltr'>B</span> <span class='ocrx_word' id='word_1_161' title='bbox 1286 2501 1399 2575; x_wconf 78' lang='lat' dir='ltr'>prabet,</span> <span class='ocrx_word' id='word_1_162' title='bbox 1415 2503 1450 2556; x_wconf 80' lang='lat' dir='ltr'>Ut</span> 
     </span>
     <span class='ocr_line' id='line_1_21' title="bbox 393 2581 1448 2656; baseline 0 -22"><span class='ocrx_word' id='word_1_163' title='bbox 393 2581 479 2635; x_wconf 81' lang='lat' dir='ltr'>Diana</span> <span class='ocrx_word' id='word_1_164' title='bbox 490 2582 608 2638; x_wconf 83' lang='lat' dir='ltr'>habebat</span> <span class='ocrx_word' id='word_1_165' title='bbox 622 2584 749 2656; x_wconf 85' lang='lat' dir='ltr'>templum</span> <span class='ocrx_word' id='word_1_166' title='bbox 761 2585 901 2640; x_wconf 82' lang='lat' dir='ltr'>celeberri·</span> <span class='ocrx_word' id='word_1_167' title='bbox 945 2587 1011 2638; x_wconf 84' lang='lat' dir='ltr'>uidit</span> <span class='ocrx_word' id='word_1_168' title='bbox 1022 2597 1125 2638; x_wconf 79' lang='lat' dir='ltr'>tranare</span> <span class='ocrx_word' id='word_1_169' title='bbox 1137 2596 1216 2644; x_wconf 67' lang='lat' dir='ltr'>rata,-</span> <span class='ocrx_word' id='word_1_170' title='bbox 1226 2586 1289 2653; x_wconf 73' lang='lat' dir='ltr'>lieg.</span> <span class='ocrx_word' id='word_1_171' title='bbox 1301 2583 1322 2634; x_wconf 92' lang='lat' dir='ltr'>C</span> <span class='ocrx_word' id='word_1_172' title='bbox 1332 2595 1448 2634; x_wconf 86' lang='lat' dir='ltr'>nostram</span> 
     </span>
     <span class='ocr_line' id='line_1_22' title="bbox 393 2661 1452 2736; baseline 0.005 -25"><span class='ocrx_word' id='word_1_173' title='bbox 393 2679 480 2728; x_wconf 86' lang='lat' dir='ltr'>mum,</span> <span class='ocrx_word' id='word_1_174' title='bbox 500 2661 587 2716; x_wconf 87' lang='lat' dir='ltr'>multis</span> <span class='ocrx_word' id='word_1_175' title='bbox 603 2663 704 2716; x_wconf 76' lang='lat' dir='ltr'>seculis</span> <span class='ocrx_word' id='word_1_176' title='bbox 726 2677 786 2717; x_wconf 85' lang='lat' dir='ltr'>ante</span> <span class='ocrx_word' id='word_1_177' title='bbox 806 2666 901 2736; x_wconf 86' lang='lat' dir='ltr'>Troja-</span> <span class='ocrx_word' id='word_1_178' title='bbox 943 2665 1094 2720; x_wconf 87' lang='lat' dir='ltr'>lectionem.</span> <span class='ocrx_word' id='word_1_179' title='bbox 1112 2669 1158 2718; x_wconf 86' lang='lat' dir='ltr'>En.</span> <span class='ocrx_word' id='word_1_180' title='bbox 1178 2694 1210 2708; x_wconf 91' lang='lat'>-</span> <span class='ocrx_word' id='word_1_181' title='bbox 1222 2665 1273 2717; x_wconf 83' lang='lat' dir='ltr'>Ter</span> <span class='ocrx_word' id='word_1_182' title='bbox 1291 2673 1394 2728; x_wconf 85' lang='lat' dir='ltr'>monte,</span> <span class='ocrx_word' id='word_1_183' title='bbox 1412 2673 1452 2716; x_wconf 86' lang='lat' dir='ltr'>ter</span> 
     </span>
     <span class='ocr_line' id='line_1_23' title="bbox 393 2741 1449 2813; baseline 0.004 -21"><span class='ocrx_word' id='word_1_184' title='bbox 393 2757 455 2792; x_wconf 84' lang='lat' dir='ltr'>nuru</span> <span class='ocrx_word' id='word_1_185' title='bbox 474 2741 683 2813; x_wconf 75' lang='lat' dir='ltr'>expeditionem,</span> <span class='ocrx_word' id='word_1_186' title='bbox 702 2755 732 2794; x_wconf 88' lang='lat' dir='ltr'>ut</span> <span class='ocrx_word' id='word_1_187' title='bbox 749 2743 831 2796; x_wconf 79' lang='lat' dir='ltr'>refert</span> <span class='ocrx_word' id='word_1_188' title='bbox 849 2743 900 2798; x_wconf 88' lang='lat' dir='ltr'>Pli-</span> <span class='ocrx_word' id='word_1_189' title='bbox 946 2747 1022 2800; x_wconf 83' lang='lat' dir='ltr'>undis</span> <span class='ocrx_word' id='word_1_190' title='bbox 1046 2747 1176 2800; x_wconf 83' lang='lat' dir='ltr'>Intonuit.</span> <span class='ocrx_word' id='word_1_191' title='bbox 1207 2746 1338 2797; x_wconf 82' lang='lat' dir='ltr'>Numerus</span> <span class='ocrx_word' id='word_1_192' title='bbox 1361 2758 1449 2796; x_wconf 86' lang='lat' dir='ltr'>tamen</span> 
     </span>
     <span class='ocr_line' id='line_1_24' title="bbox 392 2820 1449 2896; baseline 0.004 -24"><span class='ocrx_word' id='word_1_193' title='bbox 392 2820 470 2886; x_wconf 85' lang='lat' dir='ltr'>nius,</span> <span class='ocrx_word' id='word_1_194' title='bbox 489 2821 691 2890; x_wconf 74' lang='lat' dir='ltr'>exaedificatum,</span> <span class='ocrx_word' id='word_1_195' title='bbox 712 2836 738 2876; x_wconf 89' lang='lat' dir='ltr'>et</span> <span class='ocrx_word' id='word_1_196' title='bbox 757 2821 846 2876; x_wconf 88' lang='lat' dir='ltr'>lucum</span> <span class='ocrx_word' id='word_1_197' title='bbox 868 2826 897 2878; x_wconf 90' lang='lat' dir='ltr'>in</span> <span class='ocrx_word' id='word_1_198' title='bbox 942 2826 1217 2896; x_wconf 82' lang='lat' dir='ltr'>ternariut‚etomnis</span> <span class='ocrx_word' id='word_1_199' title='bbox 1226 2827 1321 2896; x_wconf 83' lang='lat' dir='ltr'>impar,</span> <span class='ocrx_word' id='word_1_200' title='bbox 1330 2822 1391 2876; x_wconf 82' lang='lat' dir='ltr'>felix</span> <span class='ocrx_word' id='word_1_201' title='bbox 1400 2823 1449 2876; x_wconf 78' lang='lat' dir='ltr'>ha-</span> 
     </span>
     <span class='ocr_line' id='line_1_25' title="bbox 392 2903 1023 2972; baseline 0.011 -21"><span class='ocrx_word' id='word_1_202' title='bbox 392 2918 445 2971; x_wconf 83' lang='lat' dir='ltr'>qno</span> <span class='ocrx_word' id='word_1_203' title='bbox 457 2903 638 2972; x_wconf 81' lang='lat' dir='ltr'>Agamemnon</span> <span class='ocrx_word' id='word_1_204' title='bbox 648 2922 751 2955; x_wconf 86' lang='lat' dir='ltr'>cervam</span> <span class='ocrx_word' id='word_1_205' title='bbox 761 2905 850 2956; x_wconf 67' lang='lat' dir='ltr'>Diana</span> <span class='ocrx_word' id='word_1_206' title='bbox 860 2923 898 2956; x_wconf 83' lang='lat' dir='ltr'>se·</span> <span class='ocrx_word' id='word_1_207' title='bbox 942 2904 1023 2958; x_wconf 86' lang='lat' dir='ltr'>bitus.</span> 
     </span>
     <span class='ocr_line' id='line_1_26' title="bbox 391 2981 1451 3058; baseline 0.004 -26"><span class='ocrx_word' id='word_1_208' title='bbox 391 2997 464 3032; x_wconf 83' lang='lat' dir='ltr'>erant</span> <span class='ocrx_word' id='word_1_209' title='bbox 475 2981 608 3047; x_wconf 77' lang='lat' dir='ltr'>confodit,</span> <span class='ocrx_word' id='word_1_210' title='bbox 618 3000 666 3053; x_wconf 86' lang='lat' dir='ltr'>pro</span> <span class='ocrx_word' id='word_1_211' title='bbox 677 3001 727 3054; x_wconf 84' lang='lat' dir='ltr'>qua</span> <span class='ocrx_word' id='word_1_212' title='bbox 739 2995 847 3036; x_wconf 84' lang='lat' dir='ltr'>coactus</span> <span class='ocrx_word' id='word_1_213' title='bbox 857 2997 897 3036; x_wconf 87' lang='lat' dir='ltr'>est</span> <span class='ocrx_word' id='word_1_214' title='bbox 980 2984 1040 3051; x_wconf 76' lang='grc'><strong><em>453.</em></strong></span> <span class='ocrx_word' id='word_1_215' title='bbox 1051 2985 1182 3058; x_wconf 81' lang='lat' dir='ltr'>Soeuoeque</span> <span class='ocrx_word' id='word_1_216' title='bbox 1191 2983 1262 3036; x_wconf 83' lang='lat' dir='ltr'>dedit</span> <span class='ocrx_word' id='word_1_217' title='bbox 1269 2983 1395 3056; x_wconf 76' lang='lat' dir='ltr'>proesaqia</span> <span class='ocrx_word' id='word_1_218' title='bbox 1406 3001 1451 3036; x_wconf 83' lang='lat' dir='ltr'>no·</span> 
     </span>
     <span class='ocr_line' id='line_1_27' title="bbox 391 3056 1449 3138; baseline 0.003 -29"><span class='ocrx_word' id='word_1_219' title='bbox 391 3056 473 3110; x_wconf 78' lang='lat' dir='ltr'>filiunt</span> <span class='ocrx_word' id='word_1_220' title='bbox 488 3060 652 3132; x_wconf 68' lang='lat' dir='ltr'>Iphigeniam</span> <span class='ocrx_word' id='word_1_221' title='bbox 670 3061 707 3113; x_wconf 87' lang='lat' dir='ltr'>iili</span> <span class='ocrx_word' id='word_1_222' title='bbox 725 3063 785 3114; x_wconf 79' lang='lat' dir='ltr'>Dan</span> <span class='ocrx_word' id='word_1_223' title='bbox 805 3063 900 3114; x_wconf 86' lang='lat' dir='ltr'>immo-</span> <span class='ocrx_word' id='word_1_224' title='bbox 945 3063 999 3116; x_wconf 81' lang='lat' dir='ltr'>ctis.</span> <span class='ocrx_word' id='word_1_225' title='bbox 1026 3065 1095 3116; x_wconf 82' lang='lat' dir='ltr'>Nam</span> <span class='ocrx_word' id='word_1_226' title='bbox 1119 3075 1181 3138; x_wconf 77' lang='lat' dir='ltr'>post</span> <span class='ocrx_word' id='word_1_227' title='bbox 1204 3080 1320 3114; x_wconf 80' lang='lat' dir='ltr'>eversam</span> <span class='ocrx_word' id='word_1_228' title='bbox 1343 3062 1449 3130; x_wconf 86' lang='lat' dir='ltr'>Trojam</span> 
     </span>
     <span class='ocr_line' id='line_1_28' title="bbox 391 3137 1450 3215; baseline 0.002 -26"><span class='ocrx_word' id='word_1_229' title='bbox 391 3137 457 3190; x_wconf 87' lang='lat' dir='ltr'>lare.</span> <span class='ocrx_word' id='word_1_230' title='bbox 481 3142 581 3192; x_wconf 85' lang='lat' dir='ltr'>Hecate</span> <span class='ocrx_word' id='word_1_231' title='bbox 606 3154 693 3194; x_wconf 80' lang='lat' dir='ltr'>autern</span> <span class='ocrx_word' id='word_1_232' title='bbox 724 3139 816 3194; x_wconf 85' lang='lat' dir='ltr'>eadem</span> <span class='ocrx_word' id='word_1_233' title='bbox 843 3161 900 3215; x_wconf 69' lang='lat' dir='ltr'>que</span> <span class='ocrx_word' id='word_1_234' title='bbox 945 3141 1021 3194; x_wconf 86' lang='lat' dir='ltr'>multi</span> <span class='ocrx_word' id='word_1_235' title='bbox 1037 3143 1190 3195; x_wconf 71' lang='lat' dir='ltr'>Graecorum</span> <span class='ocrx_word' id='word_1_236' title='bbox 1209 3139 1349 3194; x_wconf 86' lang='lat' dir='ltr'>redeuntes</span> <span class='ocrx_word' id='word_1_237' title='bbox 1367 3153 1450 3192; x_wconf 84' lang='lat' dir='ltr'>noetn</span> 
     </span>
     <span class='ocr_line' id='line_1_29' title="bbox 392 3217 1450 3293; baseline 0.001 -24"><span class='ocrx_word' id='word_1_238' title='bbox 392 3219 494 3284; x_wconf 83' lang='lat' dir='ltr'>Diana,</span> <span class='ocrx_word' id='word_1_239' title='bbox 510 3235 539 3272; x_wconf 90' lang='lat' dir='ltr'>ut</span> <span class='ocrx_word' id='word_1_240' title='bbox 552 3221 606 3290; x_wconf 84' lang='lat' dir='ltr'>jam</span> <span class='ocrx_word' id='word_1_241' title='bbox 621 3219 742 3274; x_wconf 82' lang='lat' dir='ltr'>diximus.</span> <span class='ocrx_word' id='word_1_242' title='bbox 946 3223 1081 3293; x_wconf 87' lang='lat' dir='ltr'>perierunt</span> <span class='ocrx_word' id='word_1_243' title='bbox 1093 3217 1296 3290; x_wconf 84' lang='lat' dir='ltr'>interscopulos</span> <span class='ocrx_word' id='word_1_244' title='bbox 1306 3218 1450 3290; x_wconf 77' lang='lat' dir='ltr'>Capherei,</span> 
     </span>
     <span class='ocr_line' id='line_1_30' title="bbox 428 3297 1390 3374; baseline -0.004 -22"><span class='ocrx_word' id='word_1_245' title='bbox 428 3297 489 3364; x_wconf 87' lang='grc'><strong><em>448.</em></strong></span> <span class='ocrx_word' id='word_1_246' title='bbox 511 3301 625 3370; x_wconf 81' lang='lat' dir='ltr'>Rupibus</span> <span class='ocrx_word' id='word_1_247' title='bbox 644 3300 774 3374; x_wconf 77' lang='lat' dir='ltr'>expositis.</span> <span class='ocrx_word' id='word_1_248' title='bbox 796 3297 826 3352; x_wconf 88' lang='lat' dir='ltr'>ld</span> <span class='ocrx_word' id='word_1_249' title='bbox 847 3316 901 3371; x_wconf 83' lang='lat' dir='ltr'>est,</span> <span class='ocrx_word' id='word_1_250' title='bbox 947 3299 1064 3370; x_wconf 82' lang='lat' dir='ltr'>Nauplio</span> <span class='ocrx_word' id='word_1_251' title='bbox 1079 3319 1110 3352; x_wconf 83' lang='lat' dir='ltr'>ex</span> <span class='ocrx_word' id='word_1_252' title='bbox 1123 3319 1155 3351; x_wconf 86' lang='lat' dir='ltr'>eo</span> <span class='ocrx_word' id='word_1_253' title='bbox 1170 3301 1241 3351; x_wconf 82' lang='lat' dir='ltr'>faces</span> <span class='ocrx_word' id='word_1_254' title='bbox 1253 3299 1390 3351; x_wconf 77' lang='lat' dir='ltr'>efferente.</span> 
     </span>
     <span class='ocr_line' id='line_1_31' title="bbox 392 3377 1452 3450; baseline -0.001 -22"><span class='ocrx_word' id='word_1_255' title='bbox 392 3379 604 3449; x_wconf 83' lang='lat' dir='ltr'>prominentibus</span> <span class='ocrx_word' id='word_1_256' title='bbox 619 3383 645 3432; x_wconf 91' lang='lat' dir='ltr'>in</span> <span class='ocrx_word' id='word_1_257' title='bbox 661 3399 746 3446; x_wconf 82' lang='lat' dir='ltr'>mare,</span> <span class='ocrx_word' id='word_1_258' title='bbox 765 3399 812 3432; x_wconf 85' lang='lat' dir='ltr'>seu</span> <span class='ocrx_word' id='word_1_259' title='bbox 829 3397 901 3436; x_wconf 82' lang='lat' dir='ltr'>extra</span> <span class='ocrx_word' id='word_1_260' title='bbox 982 3379 1043 3450; x_wconf 82' lang='grc'><strong><em>454.</em></strong></span> <span class='ocrx_word' id='word_1_261' title='bbox 1070 3379 1152 3432; x_wconf 80' lang='lat' dir='ltr'>Coetus</span> <span class='ocrx_word' id='word_1_262' title='bbox 1173 3379 1209 3430; x_wconf 78' lang='lat' dir='ltr'>tsi</span> <span class='ocrx_word' id='word_1_263' title='bbox 1230 3396 1373 3431; x_wconf 80' lang='lat' dir='ltr'>annorum.</span> <span class='ocrx_word' id='word_1_264' title='bbox 1393 3377 1452 3442; x_wconf 83' lang='lat' dir='ltr'>Fit,</span> 
     </span>
     <span class='ocr_line' id='line_1_32' title="bbox 392 3453 1452 3532; baseline -0.002 -24"><span class='ocrx_word' id='word_1_265' title='bbox 392 3459 494 3527; x_wconf 84' lang='lat' dir='ltr'>positis.</span> <span class='ocrx_word' id='word_1_266' title='bbox 511 3487 548 3500; x_wconf 91' lang='lat'><em>-</em></span> <span class='ocrx_word' id='word_1_267' title='bbox 566 3461 710 3530; x_wconf 72' lang='lat' dir='ltr'>crepidine.</span> <span class='ocrx_word' id='word_1_268' title='bbox 730 3461 844 3532; x_wconf 89' lang='lat' dir='ltr'>Crepido</span> <span class='ocrx_word' id='word_1_269' title='bbox 862 3477 901 3516; x_wconf 84' lang='lat' dir='ltr'>est</span> <span class='ocrx_word' id='word_1_270' title='bbox 947 3457 1056 3529; x_wconf 83' lang='lat' dir='ltr'>supple;</span> <span class='ocrx_word' id='word_1_271' title='bbox 1069 3475 1128 3508; x_wconf 90' lang='lat' dir='ltr'>nam</span> <span class='ocrx_word' id='word_1_272' title='bbox 1140 3458 1228 3508; x_wconf 81' lang='lat' dir='ltr'>cuncti</span> <span class='ocrx_word' id='word_1_273' title='bbox 1240 3453 1321 3508; x_wconf 84' lang='lat' dir='ltr'>duces</span> <span class='ocrx_word' id='word_1_274' title='bbox 1332 3455 1452 3520; x_wconf 72' lang='lat' dir='ltr'>Graeciae,</span> 
     </span>
     <span class='ocr_line' id='line_1_33' title="bbox 391 3531 1452 3610; baseline -0.001 -24"><span class='ocrx_word' id='word_1_275' title='bbox 391 3534 534 3605; x_wconf 80' lang='lat' dir='ltr'>cujuslibet</span> <span class='ocrx_word' id='word_1_276' title='bbox 546 3538 649 3609; x_wconf 80' lang='lat' dir='ltr'>scopuli</span> <span class='ocrx_word' id='word_1_277' title='bbox 663 3541 717 3590; x_wconf 85' lang='lat' dir='ltr'>sive</span> <span class='ocrx_word' id='word_1_278' title='bbox 728 3537 835 3610; x_wconf 84' lang='lat' dir='ltr'>abrupti</span> <span class='ocrx_word' id='word_1_279' title='bbox 846 3543 902 3594; x_wconf 79' lang='lat' dir='ltr'>saxi</span> <span class='ocrx_word' id='word_1_280' title='bbox 947 3535 1029 3588; x_wconf 80' lang='lat' dir='ltr'>veluti</span> <span class='ocrx_word' id='word_1_281' title='bbox 1047 3539 1121 3606; x_wconf 76' lang='lat' dir='ltr'>signo</span> <span class='ocrx_word' id='word_1_282' title='bbox 1144 3534 1221 3601; x_wconf 78' lang='lat' dir='ltr'>dato,</span> <span class='ocrx_word' id='word_1_283' title='bbox 1243 3553 1296 3586; x_wconf 88' lang='lat' dir='ltr'>uno</span> <span class='ocrx_word' id='word_1_284' title='bbox 1313 3547 1339 3586; x_wconf 86' lang='lat' dir='ltr'>et</span> <span class='ocrx_word' id='word_1_285' title='bbox 1357 3531 1452 3585; x_wconf 84' lang='lat' dir='ltr'>eodem</span> 
     </span>
     <span class='ocr_line' id='line_1_34' title="bbox 391 3613 1453 3688; baseline -0.004 -22"><span class='ocrx_word' id='word_1_286' title='bbox 391 3613 637 3668; x_wconf 74' lang='lat' dir='ltr'>altitudo-Doni.</span> <span class='ocrx_word' id='word_1_287' title='bbox 651 3617 814 3688; x_wconf 83' lang='lat' dir='ltr'>Superficiei.</span> <span class='ocrx_word' id='word_1_288' title='bbox 828 3620 898 3670; x_wconf 75' lang='lat' dir='ltr'>Mur.</span> <span class='ocrx_word' id='word_1_289' title='bbox 946 3627 1067 3686; x_wconf 84' lang='lat' dir='ltr'>tempore</span> <span class='ocrx_word' id='word_1_290' title='bbox 1092 3613 1187 3666; x_wconf 74' lang='lat' dir='ltr'>Aulida</span> <span class='ocrx_word' id='word_1_291' title='bbox 1209 3613 1396 3666; x_wconf 80' lang='lat' dir='ltr'>confluxerant.</span> <span class='ocrx_word' id='word_1_292' title='bbox 1413 3639 1453 3652; x_wconf 87' lang='lat'>--</span> 
     </span>
     <span class='ocr_line' id='line_1_35' title="bbox 430 3695 1337 3764; baseline -0.004 -16"><span class='ocrx_word' id='word_1_293' title='bbox 430 3695 491 3764; x_wconf 80' lang='grc'><strong><em>449.</em></strong></span> <span class='ocrx_word' id='word_1_294' title='bbox 507 3697 651 3750; x_wconf 82' lang='lat' dir='ltr'>Euboicum</span> <span class='ocrx_word' id='word_1_295' title='bbox 665 3717 745 3750; x_wconf 84' lang='lat' dir='ltr'>mare.</span> <span class='ocrx_word' id='word_1_296' title='bbox 756 3698 824 3750; x_wconf 85' lang='lat' dir='ltr'>Nom</span> <span class='ocrx_word' id='word_1_297' title='bbox 836 3717 901 3750; x_wconf 90' lang='lat' dir='ltr'>ccu-</span> <span class='ocrx_word' id='word_1_298' title='bbox 946 3696 1092 3747; x_wconf 79' lang='lat' dir='ltr'>Annonem.</span> <span class='ocrx_word' id='word_1_299' title='bbox 1106 3697 1155 3748; x_wconf 89' lang='lat' dir='ltr'>Pro</span> <span class='ocrx_word' id='word_1_300' title='bbox 1168 3709 1337 3747; x_wconf 67' lang='lat' dir='ltr'>minutorum.</span> 
     </span>
     <span class='ocr_line' id='line_1_36' title="bbox 392 3771 1453 3843; baseline -0.002 -17"><span class='ocrx_word' id='word_1_301' title='bbox 392 3787 433 3826; x_wconf 79' lang='lat' dir='ltr'>tre</span> <span class='ocrx_word' id='word_1_302' title='bbox 450 3775 579 3827; x_wconf 80' lang='lat' dir='ltr'>Boeotiarn</span> <span class='ocrx_word' id='word_1_303' title='bbox 597 3777 684 3830; x_wconf 81' lang='lat' dir='ltr'>insuia</span> <span class='ocrx_word' id='word_1_304' title='bbox 701 3791 741 3830; x_wconf 86' lang='lat' dir='ltr'>est</span> <span class='ocrx_word' id='word_1_305' title='bbox 753 3777 870 3843; x_wconf 85' lang='lat' dir='ltr'>Euboea,</span> <span class='ocrx_word' id='word_1_306' title='bbox 885 3798 900 3834; x_wconf 82' lang='lat' dir='ltr'>t</span> <span class='ocrx_word' id='word_1_307' title='bbox 980 3773 1042 3840; x_wconf 77' lang='lat'>455.</span> <span class='ocrx_word' id='word_1_308' title='bbox 1055 3771 1278 3826; x_wconf 81' lang='lat' dir='ltr'>Jurnturbeiium.</span> <span class='ocrx_word' id='word_1_309' title='bbox 1288 3773 1369 3826; x_wconf 68' lang='lat' dir='ltr'>Greci</span> <span class='ocrx_word' id='word_1_310' title='bbox 1380 3775 1453 3824; x_wconf 85' lang='lat' dir='ltr'>enim</span> 
     </span>
     <span class='ocr_line' id='line_1_37' title="bbox 390 3854 1453 3928; baseline 0.002 -24"><span class='ocrx_word' id='word_1_311' title='bbox 390 3870 443 3924; x_wconf 88' lang='lat' dir='ltr'>qua</span> <span class='ocrx_word' id='word_1_312' title='bbox 469 3854 629 3922; x_wconf 82' lang='lat' dir='ltr'>interjacens</span> <span class='ocrx_word' id='word_1_313' title='bbox 656 3857 765 3927; x_wconf 87' lang='lat' dir='ltr'>euripus</span> <span class='ocrx_word' id='word_1_314' title='bbox 790 3872 900 3910; x_wconf 84' lang='lat' dir='ltr'>vocatur</span> <span class='ocrx_word' id='word_1_315' title='bbox 945 3855 1170 3926; x_wconf 80' lang='lat' dir='ltr'>ibijnrerere‚se</span> <span class='ocrx_word' id='word_1_316' title='bbox 1180 3857 1208 3908; x_wconf 88' lang='lat' dir='ltr'>in</span> <span class='ocrx_word' id='word_1_317' title='bbox 1219 3857 1330 3928; x_wconf 85' lang='lat' dir='ltr'>patriam</span> <span class='ocrx_word' id='word_1_318' title='bbox 1340 3873 1395 3906; x_wconf 86' lang='lat' dir='ltr'>nen</span> <span class='ocrx_word' id='word_1_319' title='bbox 1407 3871 1453 3906; x_wconf 87' lang='lat' dir='ltr'>re·</span> 
     </span>
     <span class='ocr_line' id='line_1_38' title="bbox 392 3931 1454 4004; baseline -0.001 -21"><span class='ocrx_word' id='word_1_320' title='bbox 392 3931 538 3984; x_wconf 79' lang='lat' dir='ltr'>Euboicum</span> <span class='ocrx_word' id='word_1_321' title='bbox 553 3950 632 3986; x_wconf 84' lang='lat' dir='ltr'>mure.</span> <span class='ocrx_word' id='word_1_322' title='bbox 945 3933 1065 4002; x_wconf 83' lang='lat' dir='ltr'>diturus,</span> <span class='ocrx_word' id='word_1_323' title='bbox 1098 3936 1147 3987; x_wconf 87' lang='lat' dir='ltr'>nisi</span> <span class='ocrx_word' id='word_1_324' title='bbox 1174 3947 1315 4004; x_wconf 85' lang='lat' dir='ltr'>postquam</span> <span class='ocrx_word' id='word_1_325' title='bbox 1342 3932 1454 4001; x_wconf 67' lang='lat' dir='ltr'>&#39;frojam</span> 
     </span>
     <span class='ocr_line' id='line_1_39' title="bbox 426 4009 1455 4088; baseline -0.001 -25"><span class='ocrx_word' id='word_1_326' title='bbox 426 4011 486 4079; x_wconf 82' lang='grc'><strong><em>450.</em></strong></span> <span class='ocrx_word' id='word_1_327' title='bbox 509 4013 548 4064; x_wconf 82' lang='grc' dir='ltr'>Μ.</span> <span class='ocrx_word' id='word_1_328' title='bbox 566 4013 592 4064; x_wconf 90' lang='lat' dir='ltr'>d.</span> <span class='ocrx_word' id='word_1_329' title='bbox 610 4014 644 4065; x_wconf 88' lang='lat' dir='ltr'>D.</span> <span class='ocrx_word' id='word_1_330' title='bbox 653 4018 783 4087; x_wconf 76' lang='lat' dir='ltr'>juxtaque</span> <span class='ocrx_word' id='word_1_331' title='bbox 799 4019 900 4088; x_wconf 76' lang='lat' dir='ltr'>Cophe-</span> <span class='ocrx_word' id='word_1_332' title='bbox 946 4015 1109 4066; x_wconf 79' lang='lat' dir='ltr'>evertissent.</span> <span class='ocrx_word' id='word_1_333' title='bbox 1137 4011 1213 4064; x_wconf 87' lang='lat' dir='ltr'>Unde</span> <span class='ocrx_word' id='word_1_334' title='bbox 1240 4009 1307 4064; x_wconf 85' lang='lat' dir='ltr'>iliud</span> <span class='ocrx_word' id='word_1_335' title='bbox 1329 4009 1455 4082; x_wconf 69' lang='lat' dir='ltr'>Virgilii,</span> 
     </span>
     <span class='ocr_line' id='line_1_40' title="bbox 389 4091 1455 4166; baseline 0.002 -26"><span class='ocrx_word' id='word_1_336' title='bbox 389 4109 453 4142; x_wconf 78' lang='lat' dir='ltr'>reus.</span> <span class='ocrx_word' id='word_1_337' title='bbox 478 4093 542 4161; x_wconf 71' lang='lat' dir='ltr'>lieg.</span> <span class='ocrx_word' id='word_1_338' title='bbox 568 4093 587 4144; x_wconf 84' lang='lat' dir='ltr'>B</span> <span class='ocrx_word' id='word_1_339' title='bbox 611 4093 712 4166; x_wconf 75' lang='lat' dir='ltr'>prebet</span> <span class='ocrx_word' id='word_1_340' title='bbox 737 4095 899 4164; x_wconf 58' lang='lat' dir='ltr'>Cupiennius</span> <span class='ocrx_word' id='word_1_341' title='bbox 945 4093 1003 4146; x_wconf 78' lang='lat' dir='ltr'>AEn.</span> <span class='ocrx_word' id='word_1_342' title='bbox 1019 4093 1063 4160; x_wconf 79' lang='lat' dir='ltr'>IV,</span> <span class='ocrx_word' id='word_1_343' title='bbox 1078 4091 1145 4160; x_wconf 72' lang='lat' dir='ltr'>dati:</span> <span class='ocrx_word' id='word_1_344' title='bbox 1161 4093 1244 4144; x_wconf 72' lang='lat' dir='ltr'>eNon</span> <span class='ocrx_word' id='word_1_345' title='bbox 1261 4109 1383 4164; x_wconf 73' lang='lat' dir='ltr'>egotam</span> <span class='ocrx_word' id='word_1_346' title='bbox 1396 4093 1455 4143; x_wconf 78' lang='lat' dir='ltr'>Da·</span> 
     </span>
     <span class='ocr_line' id='line_1_41' title="bbox 388 4169 1454 4248; baseline 0.002 -29"><span class='ocrx_word' id='word_1_347' title='bbox 388 4169 451 4239; x_wconf 78' lang='lat' dir='ltr'>Reg.</span> <span class='ocrx_word' id='word_1_348' title='bbox 462 4169 484 4221; x_wconf 89' lang='lat' dir='ltr'>C</span> <span class='ocrx_word' id='word_1_349' title='bbox 497 4184 565 4222; x_wconf 88' lang='lat' dir='ltr'>nost.</span> <span class='ocrx_word' id='word_1_350' title='bbox 571 4170 631 4225; x_wconf 83' lang='lat' dir='ltr'>lect.</span> <span class='ocrx_word' id='word_1_351' title='bbox 642 4174 898 4248; x_wconf 48' lang='lat' dir='ltr'>an-Montium</span> <span class='ocrx_word' id='word_1_352' title='bbox 943 4175 1002 4224; x_wconf 79' lang='lat' dir='ltr'>nais</span> <span class='ocrx_word' id='word_1_353' title='bbox 1019 4173 1164 4244; x_wconf 84' lang='lat' dir='ltr'>Trojanarn</span> <span class='ocrx_word' id='word_1_354' title='bbox 1178 4169 1330 4225; x_wconf 80' lang='lat' dir='ltr'>exscindere</span> <span class='ocrx_word' id='word_1_355' title='bbox 1344 4185 1454 4241; x_wconf 76' lang='lat' dir='ltr'>gentem</span> 
     </span>
     <span class='ocr_line' id='line_1_42' title="bbox 389 4246 1450 4324; baseline 0.003 -27"><span class='ocrx_word' id='word_1_356' title='bbox 389 4246 458 4302; x_wconf 79' lang='lat' dir='ltr'>Deoe.</span> <span class='ocrx_word' id='word_1_357' title='bbox 473 4248 607 4304; x_wconf 79' lang='lat' dir='ltr'>Veneuici</span> <span class='ocrx_word' id='word_1_358' title='bbox 625 4251 723 4305; x_wconf 70' lang='lat' dir='ltr'>Diana.</span> <span class='ocrx_word' id='word_1_359' title='bbox 741 4280 777 4294; x_wconf 92' lang='lat'>-</span> <span class='ocrx_word' id='word_1_360' title='bbox 794 4253 898 4324; x_wconf 77' lang='lat' dir='ltr'>Caphe-</span> <span class='ocrx_word' id='word_1_361' title='bbox 943 4251 1038 4304; x_wconf 78' lang='lat' dir='ltr'>Aulide</span> <span class='ocrx_word' id='word_1_362' title='bbox 1050 4254 1146 4324; x_wconf 83' lang='lat' dir='ltr'>jurari.</span> <span class='ocrx_word' id='word_1_363' title='bbox 1159 4275 1170 4300; x_wconf 81' lang='grc' dir='ltr'>ι</span> <span class='ocrx_word' id='word_1_364' title='bbox 1184 4281 1219 4294; x_wconf 88' lang='lat'><em>-</em></span> <span class='ocrx_word' id='word_1_365' title='bbox 1235 4251 1323 4304; x_wconf 83' lang='lat' dir='ltr'>Donec</span> <span class='ocrx_word' id='word_1_366' title='bbox 1339 4249 1377 4304; x_wconf 80' lang='lat' dir='ltr'>soi</span> <span class='ocrx_word' id='word_1_367' title='bbox 1396 4268 1450 4300; x_wconf 85' lang='lat' dir='ltr'>un-</span> 
     </span>
    </p>
   </div>
   <div class='ocr_carea' id='block_1_5' title="bbox 0 0 1602 5156">
    <p class='ocr_par' dir='ltr' id='par_1_5' title="bbox 0 0 1602 5156">
     <span class='ocr_line' id='line_1_43' title="bbox 0 0 1602 5156; baseline 0 0"><span class='ocrx_word' id='word_1_368' title='bbox 0 0 1602 5156; x_wconf 95' lang='lat' dir='ltr'> </span> 
     </span>
    </p>
   </div>
  </div>
 </body>
</html>
