3272 5166
398 518 463 582 288
632 521 668 581 Ρ.
694 518 729 581 Ρ.
756 517 913 584 STATII
936 517 1212 584 THEBAIDOS

441 641 553 711 Tredo
565 643 656 711 ferus
668 641 766 712 miles
778 642 1135 738 tripodum,fidueqrte
1147 642 1313 714 sacerdos.

440 756 472 822 Si
485 777 555 822 nou
567 752 707 822 dedecui
718 769 779 822 tua
787 751 1041 850 jussa,tulique
1052 771 1280 846 prementem,
1390 765 1442 832 340

439 871 534 958 Saepe
546 868 621 936 veni
634 891 641 933 :
655 889 746 966 saepe
757 864 846 936 hauc
857 865 996 958 dignare
1009 869 1196 960 irrumpere
1207 881 1366 936 mentem.

440 983 537 1045 Nune
548 976 608 1048 tibi
619 977 745 1048 crudus
757 971 1014 1061 hones,.truuce
1024 1001 1318 1072 arma‚cruorque
1329 981 1494 1046 virorum:

439 1095 480 1156 At
491 1091 615 1182 patriae
628 1089 805 1182 siquando
817 1090 951 1172 domos,
963 1107 1162 1185 optataque,
1174 1095 1292 1172 Paean,

426 1196 597 1291 Templa,
610 1201 728 1294 Lycie,
742 1197 854 1284 dabis,
868 1215 918 1270 tot
928 1198 1010 1270 ditia
1022 1200 1112 1268 dona
1122 1203 1259 1268 sacratis
1327 1203 1329 1208 '

437 1307 656 1391 Postibus,et
666 1309 808 1378 totidem
819 1314 889 1380 voti
900 1334 1032 1380 memor
1042 1312 1136 1404 exige
1148 1327 1301 1382 tauros.»
1386 1320 1438 1388 345

482 1421 633 1504 Dixerat,
646 1437 679 1490 et
690 1420 775 1490 laetis
787 1425 896 1492 socios
907 1421 1087 1492 revocabat
1096 1421 1140 1490 ab
1151 1423 1264 1492 armis.

425 1605 486 1674 339.
498 1605 583 1659 Trade
585 1603 661 1676 ferus
668 1605 742 1660 miles
746 1645 756 1674 ,
767 1621 816 1659 etc.
827 1607 890 1659 Tun
935 1607 1024 1680 ibique
1035 1621 1128 1660 eontra
1138 1605 1293 1660 Gelanoreru
1306 1619 1437 1677 pugnetu-

388 1683 422 1734 do
431 1683 508 1754 senes
521 1701 590 1735 unus
601 1683 693 1736 Behot.
934 1705 996 1753 rus,
1012 1688 1040 1739 in
1056 1687 1134 1740 litore
1147 1701 1252 1738 taurnrn
1266 1685 1436 1757 conspicatus

423 1763 484 1831 340.
501 1765 531 1818 Si
542 1783 597 1818 sort
607 1763 720 1818 dedecui.
733 1765 759 1818 Si
771 1767 890 1820 monitus
934 1779 973 1818 est
985 1783 1045 1818 eum
1057 1765 1121 1838 lupo
1133 1779 1286 1820 certantem.
1299 1765 1384 1820 Omen
1396 1783 1435 1816 sr-

388 1855 448 1894 tuos
470 1860 525 1892 uon
544 1839 698 1894 indecenter
718 1845 814 1910 effeci,
835 1845 888 1896 sive
934 1847 1117 1918 ripuit‚atque
1126 1843 1182 1916 lupi
1190 1844 1389 1915 pemonumsibi
1398 1843 1436 1894 in·

387 1940 441 1972 non
452 1920 632 1974 dehonestavi.
649 1953 685 1962 —
702 1922 817 1995 Tulique
826 1915 887 1993 pre·
933 1922 1003 1990 duit,
1023 1925 1069 1996 qui
1086 1942 1196 1996 peregre
1215 1921 1317 1975 delatus
1335 1935 1434 1976 veteres

386 2011 508 2054 mertem.
529 1999 628 2054 Pertuli
648 2013 805 2070 urgentem,
826 2001 888 2073 quie
932 2002 1032 2056 incolas
1049 2003 1211 2058 exturbauit:
1231 2005 1322 2074 itaque
1338 2021 1434 2074 pupnre

385 2083 452 2135 vetis
462 2094 626 2153 preceptum
636 2083 750 2154 impetiit
761 2099 868 2134 numen.
933 2096 1179 2154 eveutuexpecteto,
1186 2081 1433 2152 quumsuperiorlu·

428 2161 489 2228 341.
514 2163 592 2216 Hanc
616 2161 723 2234 dipnare
746 2163 888 2236 irrumpere
932 2164 1125 2233 putantium,
1134 2159 1432 2228 adversusGelenorem,

384 2251 505 2292 menum.
530 2242 638 2294 Dixerat
662 2244 784 2294 Lucanus
809 2261 887 2313 quem
932 2243 978 2311 qui
998 2253 1055 2293 tum
1075 2257 1162 2292 rerem
1179 2237 1347 2310 petiebatur,
1367 2239 1432 2292 initu

384 2320 500 2374 imitetur
509 2321 615 2384 Noster,
625 2318 739 2372 Phenel.
753 2321 784 2384 V,
799 2319 848 2372 166
861 2333 886 2373 et
930 2321 1135 2394 prelie,ricter,
1145 2340 1177 2374 ex
1185 2332 1248 2374 rote
1256 2317 1375 2392 Apollini
1384 2319 1431 2392 ty·
1487 2333 1490 2339 ·

383 2416 441 2470 sqq.
464 2418 541 2452 suen
559 2417 677 2470 unquam
694 2397 800 2470 plenior
815 2411 886 2454 artus
930 2405 984 2470 ein,
997 2400 1190 2466 desinit-rime,
1203 2400 1285 2454 eedem
1295 2402 1386 2467 erexit,
1399 2419 1430 2452 ac

383 2477 532 2532 Pltoebstlos
542 2480 636 2552 irrupit
646 2479 886 2534 Peennvtdsno·
930 2481 987 2554 lupi
997 2495 1091 2536 centra
1105 2495 1211 2534 taurum
1227 2479 1368 2551 praeliantis
1385 2497 1431 2530 ex-

382 2571 437 2611 tsts
450 2559 484 2611 ad
500 2559 545 2612 sil.
557 2559 641 2612 ltslie.
654 2561 744 2614 Punic.
761 2561 810 2624 111,
823 2561 885 2632 697,
928 2580 1048 2632 pressam
1065 2579 1115 2616 sere
1134 2561 1247 2632 effigiem
1261 2562 1289 2612 in
1302 2559 1360 2612 fore
1374 2571 1430 2612 ste-

381 2653 451 2691 nost.
464 2638 527 2690 edit.
541 2653 603 2692 totu.
616 2642 643 2704 1,
656 2657 684 2712 p.
701 2655 759 2692 uae.
928 2643 987 2694 tuit.
1008 2642 1150 2694 Historiam
1171 2652 1261 2692 narrat
1282 2639 1309 2690 in
1329 2635 1429 2708 Pyrrhe

415 2719 477 2787 θῇ.
495 2721 532 2774 N·
555 2731 572 2772 t.
592 2739 613 2771 e.
634 2720 660 2772 lt.
681 2733 774 2772 trum
792 2739 883 2788 anna,
928 2717 1100 2786 Plutarchus,
1112 2731 1137 2770 et
1148 2717 1293 2772 Pausanias
1306 2715 1381 2768 addit
1390 2719 1429 2770 vi·

352 2817 357 2827 “
380 2815 505 2870 emorque
518 2799 642 2852 virorum.
659 2798 782 2870 Optimus
795 2799 882 2854 Ilertlr.
928 2800 1012 2850 etim
1024 2800 1160 2850 rationem.
1171 2827 1208 2838 -·-
1218 2796 1343 2851 Postibus.
1357 2795 1428 2864 Quia

379 2877 882 2942 rmoet,amsa,erc.-0mdustonn.
927 2877 1049 2947 pestibus
1072 2875 1232 2949 templorum
1252 2873 1427 2948 apponeban-

379 2955 512 3009 Grusutus
524 2975 539 3009 s
550 2956 628 3012 uubis
640 2957 780 3028 prebetur.
927 2969 970 3012 tur
983 2975 1107 3018 munera,
1118 2976 1175 3028 quse
1187 2957 1242 3011 Diis
1255 2953 1364 3008 (labent.

413 3033 881 3108 343.Atpetriassiquatulerlentes,
961 3036 1022 3102 345.
1043 3037 1179 3101 Postibus,
1198 3045 1224 3088 et
1246 3033 1352 3088 totidem
1372 3036 1427 3090 veti

378 3125 532 3186 optataque,
551 3116 642 3168 Poean.
662 3115 726 3186 Reg.
745 3117 766 3170 Β
783 3113 880 3180 habet,
924 3135 1025 3170 memor
1046 3107 1119 3188 siriqe
1140 3127 1234 3166 taurus.
1259 3115 1310 3168 uln
1332 3113 1426 3168 eodem

377 3192 421 3244 Ad
434 3193 564 3264 patriani
578 3194 699 3266 quaudo,
714 3206 764 3246 etc.
779 3193 843 3263 trag.
858 3192 879 3244 C
924 3197 1026 3265 optimo
1036 3193 1212 3263 omnibusque
1220 3195 1318 3246 ceteris
1330 3197 1425 3248 nostris

378 3287 447 3324 nest.
463 3272 570 3328 lection.
584 3273 632 3325 Eo.
649 3301 685 3314 -·
700 3273 737 3326 Ar
747 3274 846 3342 patrias
858 3271 880 3326 ti
923 3274 1001 3328 codd.
1012 3275 1154 3344 expressim
1166 3275 1357 3345 scriptumest:
1371 3291 1424 3326 nen

376 3351 482 3422 quande
501 3351 598 3404 desnos.
617 3352 643 3404 si
664 3367 713 3404 nes
732 3351 825 3406 fereris
844 3349 879 3404 ed
923 3353 1143 3424 immemorexipe
1155 3363 1269 3404 taum.»
1285 3355 1424 3406 essm.—

376 3433 488 3501 patriarn
504 3449 629 3485 reneure.
648 3433 725 3484 Lter.
740 3459 775 3470 ··-·
787 3433 876 3484 Poeett.
922 3433 1075 3488 meotidem
1086 3432 1160 3504 stripe
1171 3442 1264 3484 tauros.
1276 3430 1306 3484 td
1319 3445 1372 3498 est,
1384 3443 1424 3482 tot

376 3512 532 3583 cognomen
543 3509 683 3582 Apollinis.
923 3525 1013 3568 mures
1020 3512 1149 3582 deposce,
1158 3523 1222 3582 quot
1229 3509 1319 3580 hostes
1327 3507 1422 3562 occidi.

411 3591 473 3658 344.
483 3591 606 3665 Templa,
616 3591 706 3661 nycte,
714 3591 794 3644 debis·
804 3591 878 3644 Tern-
921 3593 956 3644 Et
969 3591 1021 3646 hee
1034 3611 1064 3646 ex
1076 3593 1141 3657 ritu,
1155 3603 1246 3644 taurus
1258 3592 1327 3646 enirn
1338 3588 1423 3660 Apel-

373 3671 422 3743 pla
431 3671 501 3723 datis
507 3671 586 3740 Lycie
594 3672 622 3722 iu
630 3669 788 3740 quibusdum
797 3669 876 3724 codd.
921 3671 968 3726 lini
977 3673 1056 3745 Lycio
1066 3669 1262 3735 immolabatur,
1272 3683 1302 3722 ut
1309 3667 1422 3724 vidimus

377 3747 502 3821 Templa,
519 3750 621 3819 Lyeoes,
642 3749 712 3803 datis
726 3749 828 3804 Behott.
850 3767 877 3818 t,
922 3771 1000 3824 supra
1013 3770 1043 3804 ex
1055 3750 1193 3804 Pausania.

376 3843 411 3889 a,
437 3826 548 3898 Templa
569 3827 646 3880 Dicis
668 3828 739 3880 dabis
761 3829 877 3899 optimus
957 3830 1018 3896 346.
1037 3830 1158 3892 Dixerat,
1174 3827 1276 3882 etloetis
1290 3827 1369 3880 sotios
1382 3845 1422 3880 re·

374 3904 539 3959 Berthienus.
552 3935 589 3946 -—
599 3907 685 3977 Lytie.
701 3907 780 3978 Apud
791 3909 875 3978 Arpos
920 3908 1029 3962 vocatu
1043 3907 1075 3958 eb
1092 3907 1179 3958 armis.
1195 3907 1261 3958 Dan.
1281 3904 1374 3956 Bebet.
1395 3920 1421 3969 t,

375 3985 473 4057 Apollo
487 3987 574 4038 cultus
584 3986 633 4040 sub
644 3986 722 4040 titulo
733 3990 813 4059 Lycii.
827 3989 875 4040 So·
920 3987 975 4040 dno
987 3985 1135 4051 Berthiani,
1153 3984 1271 4056 plerique
1283 3998 1309 4038 et
1324 3983 1421 4054 Delph.

372 4064 478 4136 phuelis
487 4068 617 4139 interpres
624 4069 819 4121 eumrstinuem
826 4067 876 4124 ltu·
920 4063 1001 4124 loett'ts'
1016 4060 1315 4133 ⁰Pfimu⁸13⁸¹¹ffi³⁰¹²³s
1328 4061 1420 4114 3030!-

371 4149 448 4215 jesue
471 4147 550 4198 effert
570 4149 744 4216 cognominis.
769 4146 875 4200 Densus
922 4139 1134 4210 s,t1cld.cotin.
1147 4140 1421 4212 Plent.Lindsuhrog.

375 4227 486 4297 AEssypto
506 4227 637 4298 profugus
656 4227 740 4296 Arpos
759 4226 876 4297 appulit,
922 4239 947 4276 et
961 4223 1037 4274 Cruc.
1052 4220 1132 4274 letus.
1148 4223 1215 4274 Dan.
1231 4223 1288 4276 Put·
1303 4223 1419 4293 lipsien.
