3264 5166
387 593 454 638 200
624 571 659 633 P.
686 571 721 634 P.
748 569 903 636 STATH
929 567 1205 634 THEBAIDOS

432 697 525 767 lbitie
539 697 705 792 aequoreis
716 693 864 764 crudelia
877 694 1001 789 pabula
1012 696 1191 764 monstris:
1362 709 1439 798 ι3ου

432 805 535 876 Illum
546 821 636 874 terra
648 803 756 890 vehit,
770 829 899 902 suaque
910 809 946 873 iu
958 805 1144 899 primordia
1155 804 1268 874 solvit.
1281 837 1295 868 ι

479 921 531 987 Sic
543 919 668 1012 premit
679 916 853 1001 adversos,
867 934 902 985 et
912 915 1050 986 acerbat
1059 916 1201 986 vulnera
1213 915 1321 986 dictis.

431 1036 479 1098 Ac
489 1053 584 1099 nunc
594 1053 675 1100 ense
686 1029 783 1112 furit,
794 1053 888 1098 nnnc
899 1027 965 1098 tela
977 1031 1128 1098 natantia
1139 1045 1277 1124 raptans

433 1141 579 1234 Ingerit:
593 1143 746 1236 innuptae
758 1144 917 1210 comitem
929 1140 1088 1209 Therona
1100 1143 1232 1224 Dianae,

432 1251 695 1349 Ruricolamque
706 1257 914 1348 Gyau,cum
926 1253 1108 1347 fluctivago
1119 1255 1261 1348 Ergino,
1387 1264 1439 1320 ³05

433 1369 681 1462 Intonsumque
693 1370 839 1450 Hersen,
852 1383 1165 1462 contemtoremque
1177 1365 1339 1462 profundi

432 1477 592 1562 Crethea,
603 1479 794 1549 nimbosam
808 1483 867 1577 qui
879 1505 970 1575 saepe
981 1479 1174 1575 Caphereos
1186 1503 1299 1549 arcem

431 1589 666 1686 Euboicasque
677 1590 806 1660 hiemes
817 1615 922 1686 parva
933 1592 1163 1686 transfugerat
1173 1591 1264 1662 alno.

432 1699 522 1787 Quid
534 1723 604 1767 non
616 1699 685 1768 iata
698 1706 845 1795 queant?
856 1699 1015 1795 trajectus
1028 1718 1165 1794 pectora
1176 1702 1267 1771 ferro

431 1809 588 1881 Volvitur
599 1816 634 1882 in
647 1811 771 1882 fluctus
784 1841 791 1880 ε
805 1813 873 1882 heu
884 1812 982 1909 cujus
995 1813 1178 1908 naufragus
1190 1813 1322 1884 undaei'
1388 1825 1440 1879 διο

479 1928 530 1992 'l'e
542 1949 678 2020 quoque
691 1924 827 1994 sublimi
839 1941 1072 1994 transnantem
1085 1926 1226 1996 flumina
1239 1951 1361 2009 curru,

433 2041 523 2104 Dum
535 2039 658 2120 socios,
672 2037 847 2121 Pharsale,
860 2040 960 2132 petie,
973 2041 1148 2133 resupinat
1158 2038 1301 2109 ademtis

434 2150 557 2216 Dorica
567 2151 681 2242 cuspis
693 2151 789 2245 etprie
803 2177 809 2218 :
823 2147 898 2218 illos
910 2148 1069 2219 violentia
1082 2153 1162 2220 saevi

435 2259 880 2356 Gurgitis,infelixquejupi
891 2259 1071 2330 concordia
1083 2264 1214 2354 mergit.
1389 2274 1441 2341 314

482 2373 582 2438 Nunc
591 2393 669 2463 age,
682 2375 758 2467 quis
768 2370 906 2440 tumidis
916 2395 1079 2464 magnum
1090 2373 1332 2465 expugnaverit
1341 2370 1441 2441 undis

390 2612 538 2664 Miserrima
546 2629 618 2664 mora
625 2612 653 2664 in
661 2614 738 2684 aquit
748 2615 892 2666 existimata
938 2617 1024 2667 Petav.
1037 2613 1217 2684 Lindenbrop.
1230 2627 1256 2666 et
1268 2612 1442 2691 Crucflacti·

390 2707 421 2742 ex
429 2683 699 2762 Homeriditcipiinc,
709 2690 782 2763 quod
790 2694 893 2762 igneam
939 2712 1004 2766 capo
1030 2694 1150 2767 Eripino.
1179 2723 1214 2733 -
1240 2690 1443 2764 Ruricolamque

391 2769 505 2822 animam
517 2771 592 2843 aquia
602 2772 733 2842 exatingni
746 2771 893 2825 crederent.
942 2777 1027 2846 Gyan.
1037 2770 1442 2844 Omniahoecreguntaraverbo

426 2851 487 2904 301.
498 2848 580 2902 Illam
591 2861 657 2903 terra
667 2851 751 2919 vehit,
760 2871 857 2928 tuaque
866 2855 895 2906 in
940 2855 1072 2927 resupinat
1082 2854 1152 2906 infra
1163 2855 1262 2925 potito.

389 2929 533 3002 primordia
546 2929 633 2982 solvit.
645 2930 722 2984 Solus
735 2934 851 2985 Petrene.
866 2933 895 2984 in
977 2935 1037 3003 3⁰7·
1060 2933 1086 2985 0.
1108 2952 1134 2984 a.
1154 2932 1202 3004 qai
1219 2948 1285 3002 toepe
1300 2927 1444 3002 captarem

388 3009 532 3082 primordia
544 3008 634 3064 solvet.
650 3041 687 3053 —
705 3014 767 3084 fleg.
787 3015 808 3066 B
825 3011 895 3066 hanc
939 3033 1034 3067 arcem.
1058 3013 1187 3086 Caphcros
1207 3030 1277 3064 unua
1297 3010 1390 3065 Bebot.
1410 3039 1444 3051 -

391 3083 472 3141 habet
483 3087 641 3157 lectionem,
653 3091 717 3164 Reg.
732 3096 753 3146 C
767 3109 893 3146 nostram.
923 3157 926 3162 Ι
942 3093 1087 3166 Caphereos
1102 3110 1195 3144 amem.
1211 3093 1249 3144 De
1264 3087 1405 3159 Caphereo
1418 3100 1444 3140 et

391 3171 438 3222 Eo.
451 3198 488 3211 -
499 3169 647 3224 Primordia
665 3171 748 3226 solvit.
767 3175 824 3225 Hoc
840 3187 894 3240 est,
939 3171 1040 3225 Euboec
1061 3186 1139 3241 supra
1157 3167 1279 3221 diximus.
1295 3167 1374 3220 Circa
1391 3167 1444 3219 Eu-

391 3268 475 3322 quum
483 3267 582 3321 corpus
591 3269 647 3303 non
656 3252 895 3306 fueritcoocrema·
940 3249 1027 3302 boearn
1039 3263 1141 3314 autem,
1155 3261 1181 3300 et
1192 3249 1304 3299 manime
1314 3246 1386 3298 circa
1395 3245 1445 3298 Ca·

390 3341 448 3380 tum
462 3325 598 3398 redigetur
609 3331 636 3382 in
646 3329 799 3402 pulverem,
813 3343 840 3382 ot
854 3351 895 3383 re·
939 3330 1085 3402 phareum,
1097 3328 1256 3400 gravissime
1266 3338 1444 3398 tempestates.

391 3407 459 3462 dihit
473 3409 501 3460 in
515 3410 675 3481 principium
689 3411 748 3462 tui:
764 3411 824 3483 quic
837 3429 896 3462 om·
940 3409 1007 3460 Vide
1016 3407 1102 3460 Theb.
1111 3408 1172 3475 vu,
1185 3406 1247 3477 371,
1257 3406 1369 3477 hujusce
1379 3417 1444 3457 tom.

390 3487 895 3543 nitcarodicituretsetereena.-Saa
942 3505 1002 3558 pag.
1017 3486 1061 3554 45.
1080 3486 1128 3537 En.
1383 3489 1384 3494 ’

391 3571 420 3622 in
431 3568 584 3641 primordia.
595 3568 744 3636 Elementa,
757 3586 790 3622 ex
800 3567 896 3641 quibua
976 3567 1037 3618 310.
1052 3565 1113 3616 Hau
1123 3565 1196 3636 cujas
1207 3562 1350 3639 vratp‘raqua
1361 3563 1444 3615 anda.

393 3649 572 3720 componitur.
942 3644 1106 3698 Exclamatio
1132 3643 1303 3716 indignantis.
1326 3644 1396 3695 Perit
1418 3643 1444 3695 in

428 3726 489 3780 302.
508 3727 535 3781 S.
547 3746 576 3798 p.
588 3747 614 3777 a.
632 3737 659 3780 et
672 3729 775 3782 acerbat
788 3726 897 3780 vulnera
942 3724 1039 3791 fluvio,
1052 3726 1097 3798 qui
1111 3727 1214 3778 marina
1226 3724 1364 3795 naufragia
1373 3741 1446 3794 toepe

392 3805 475 3860 dictis.
487 3804 581 3858 Behot.
591 3807 694 3860 acerbat
699 3807 810 3879 fimeta.
942 3818 1068 3857 evaserat.
1374 3827 1379 3833 ·
1443 3815 1445 3823 ’

429 3884 491 3938 303.
505 3887 546 3938 Aa
557 3904 627 3938 naar
639 3887 787 3959 enrefun't,
800 3898 850 3938 etc.
865 3886 898 3937 Et
975 3883 1444 3960 311.T.q.s.rramnanamfl.carra.

393 3985 465 4020 nanc
474 3967 541 4019 Dan.
552 3967 640 4018 Petcv.
650 3966 732 4036 Lang.
744 3964 814 4018 Buri.
825 3966 895 4037 lips.
942 3966 972 4016 1n
982 3963 1077 4017 eodem
1090 3964 1184 4016 Behot.
1197 3975 1344 4016 tranantem
1350 3963 1447 4042 flumi-

394 4061 420 4100 et
434 4045 494 4099 edd.
506 4059 570 4099 vett.
583 4044 623 4096 Ao
634 4064 704 4098 nune
716 4043 819 4098 Behott.
834 4061 859 4111 ι,
872 4062 896 4096 a.
942 4065 977 4097 aa
989 4064 1079 4110 carru,
1093 4058 1119 4096 et
1129 4063 1179 4116 pro
1191 4063 1215 4096 v.
1228 4043 1247 4096 Ι.
1260 4061 1345 4096 carna.

428 4123 491 4178 305.
505 4125 535 4176 R.
551 4126 582 4178 C.
595 4125 807 4202 cumflacta'uaqo
819 4124 898 4197 Eroi-
979 4126 1040 4178 312.
1059 4125 1130 4176 Dum
1141 4124 1234 4190 socios,
1249 4123 1301 4175 Ph.
1314 4122 1388 4195 petis.
1402 4118 1445 4172 Ad

393 4225 436 4258 no.
447 4204 477 4257 ln
489 4203 581 4259 iisdem
591 4204 670 4259 codd.
676 4205 822 4283 fluatioapo
832 4205 898 4257 Her·
942 4224 1010 4279 quoe
1021 4203 1193 4276 confugiebat
1205 4215 1298 4276 petent
1309 4201 1444 4254 auxilium.

391 4285 470 4361 picae
485 4303 576 4338 omnes
590 4283 714 4338 melioret
725 4283 813 4338 Barth.
826 4284 894 4338 Dan.
977 4285 1040 4339 315.
1059 4286 1094 4337 Ν.
1110 4304 1135 4335 a.
1150 4301 1175 4356 q.
1189 4294 1208 4336 t.
1222 4300 1350 4355 magnam
1364 4299 1446 4352 eapu-
