3256 5160
379 565 446 647 486
587 565 623 628 e.
650 565 687 627 Ρ.
713 561 869 628 suern
893 559 1221 630 scurnnnrnos

423 687 579 762 Dulichia
590 686 743 781 proferre
754 686 851 756 tuba:
864 709 929 756 nec
942 689 978 756 in
990 691 1135 758 Hectore
1146 702 1255 760 tracto

421 799 562 883 Sistere,
576 797 636 866 sed
649 815 719 867 tote
727 795 889 891 juvenem
902 797 1069 870 deducere
1082 797 1197 894 Troje.

423 914 478 979 Tu
489 909 607 995 modo,
624 914 652 979 si
665 927 795 980 veteres
807 909 910 1006 digno
921 909 1133 1006 deplevimus
1147 912 1290 996 haustu,

424 1023 476 1089 Da
487 1021 596 1090 fontes
609 1021 709 1106 mibi,
722 1020 846 1090 Phoebe
856 1073 864 1104 ‚
876 1045 1001 1108 novos,
1014 1047 1053 1092 ac
1065 1022 1186 1092 fronde
1198 1019 1348 1092 secunda

424 1133 528 1200 Necte
540 1155 654 1199 comes
664 1158 670 1198 :
681 1156 792 1227 neque
804 1135 896 1200 enim
903 1135 1050 1201 Aonium
1059 1155 1181 1201 nemus
1193 1130 1323 1202 advena
1330 1129 1431 1225 pulso

371 1277 377 1282 ·
424 1246 495 1310 Nec
505 1265 582 1310 mee
592 1245 685 1310 nunc
698 1245 816 1336 primis
830 1241 1009 1311 albescunt
1018 1257 1173 1337 tempore
1184 1242 1289 1310 vittis.
1399 1265 1428 1304 ιι

378 1433 432 1467 unu
446 1433 478 1466 ex
491 1412 651 1486 Cycladibus
665 1415 760 1468 insulis
775 1434 791 1468 s
807 1417 884 1468 naxo
929 1428 969 1468 est
987 1415 1021 1468 eb
1038 1415 1161 1469 omnihus
1178 1413 1259 1466 rebus
1278 1431 1344 1486 quus
1363 1411 1434 1464 circs

379 1493 885 1566 quatuordecim,auctorsPlinio,milli·
928 1493 1004 1546 ilium
1019 1497 1115 1567 gessit,
1129 1511 1265 1566 segregare
1277 1491 1325 1546 :id
1340 1504 1381 1544 est
1393 1491 1436 1543 ni·

378 1571 430 1626 bus
447 1592 573 1646 passuum
586 1573 696 1627 distans.
716 1574 824 1626 Homeri
842 1590 885 1624 se·
928 1572 966 1626 bil
984 1593 1094 1647 prorsus
1112 1593 1127 1626 a
1143 1593 1185 1626 me
1204 1572 1335 1626 scribetur
1351 1569 1385 1623 de
1400 1571 1434 1624 iis

377 1651 474 1726 pulcro
503 1654 676 1720 venerenda,
710 1652 885 1725 longitudinis
930 1654 1107 1728 queinbelio
1117 1655 1205 1708 Iliensi
1214 1665 1289 1725 gestu
1297 1665 1386 1707 sunte
1391 1654 1437 1723 y'n·

378 1733 472 1804 viginti
484 1735 601 1806 quinque
612 1731 800 1800 millium,aute
812 1731 886 1785 Pboe·
929 1753 1005 1788 vene,
1017 1733 1097 1804 Quod
1109 1735 1172 1788 fecit
1187 1736 1269 1785 Poeta
1281 1754 1288 1784 s
1301 1749 1363 1784 nam
1376 1733 1435 1802 ejus

379 1811 439 1863 nice
465 1812 619 1883 appellatus
643 1811 799 1884 Lycomedis
821 1809 886 1864 olim
930 1818 1097 1889 propositum
1119 1817 1170 1868 ibit
1190 1814 1243 1868 hoc
1264 1831 1346 1885 opere
1368 1809 1437 1864 iliud

379 1892 492 1964 imperio
507 1891 638 1963 subjectu.
656 1894 779 1946 Βιιιτιιιιι.
930 1909 1034 1948 tentum
1044 1894 1159 1950 scribere
1170 1912 1224 1966 quo
1234 1891 1325 1958 modo,
1335 1903 1365 1944 ut
1373 1887 1438 1942 dixi·

416 1969 442 2022 6.
470 1971 604 2026 Dulichia.
628 1972 659 2025 ld
682 1986 742 2039 est,
766 1971 885 2046 Ulyssee.
929 1995 1004 2044 mus,
1017 1975 1158 2029 achirone
1169 1973 1298 2027 educatus
1311 1973 1358 2040 sit,
1367 1985 1394 2025 et
1405 1983 1438 2023 ut

379 2049 487 2123 Ulysses
501 2065 556 2105 eret
571 2051 694 2104 dominns
706 2049 799 2104 insuite
810 2050 887 2104 Duli·
930 2054 965 2106 ub
975 2052 1068 2126 Ulysse
1080 2055 1149 2106 inter
1164 2051 1267 2126 puellas
1279 2049 1438 2126 Lycomedis

380 2126 435 2182 chii
446 2131 473 2180 iu
485 2131 551 2182 meri
565 2133 655 2200 ionio,
671 2149 727 2184 non
743 2129 840 2204 procul
851 2130 886 2184 nb
930 2135 1066 2197 inventus,
1078 2131 1224 2205 perductus
1236 2133 1269 2184 sit
1281 2129 1316 2182 ed
1325 2128 1437 2182 beilum.

380 2205 481 2260 Ithaca.
496 2207 599 2262 Alludit
614 2229 677 2262 vero
693 2213 774 2264 Poeta
791 2211 825 2264 ed
845 2209 887 2264 hi·
967 2215 992 2268 8.
1002 2212 1043 2264 Tu
1051 2212 1160 2267 modcss'
1169 2201 1439 2280 veteres,Reg.Bba·

382 2284 623 2354 storiam,seufab
653 2309 709 2358 sm,
724 2290 888 2361 quudicitur
930 2291 992 2357 bet,
1010 2291 1053 2344 Tu
1071 2289 1180 2344 modcst'
1194 2300 1321 2355 veterem,
1337 2288 1401 2358 Heg.
1415 2287 1441 2339 C
1461 2299 1465 2305 ⁴

380 2365 487 2439 Ulysses
498 2368 628 2422 Achillem
642 2382 711 2423 mter
724 2370 790 2424 filius
801 2373 888 2445 Lyco·
931 2383 1050 2424 nostram
1059 2369 1120 2422 lect.
1132 2371 1180 2421 En.
1188 2397 1224 2408 -
1232 2367 1341 2422 Veteres
1352 2364 1441 2418 Abso-

381 2443 466 2499 snedis
479 2445 627 2501 latitantem
646 2467 714 2502 sono
733 2450 803 2504 tube
816 2454 888 2504 exci-
931 2449 987 2503 lutu
997 2467 1094 2521 nempe
1103 2443 1250 2499 Thebaide.

381 2539 468 2594 tasse,
489 2531 525 2581 ita
544 2541 574 2582 ut
595 2548 623 2582 se
643 2531 732 2602 ipsum
752 2530 887 2603 proderet.
968 2545 994 2600 9.
1012 2531 1109 2584 Nouos.
1127 2526 1169 2580 Ad
1181 2522 1375 2598 suscipiendam
1387 2523 1441 2574 sci-

380 2607 563 2680 Apollodorus
587 2609 621 2663 de
641 2613 759 2664 Deorum
779 2614 888 2686 Origine
932 2609 994 2661 licet
1012 2605 1168 2660 Achilleide.
1180 2634 1217 2646 -
1232 2603 1272 2656 Ac
1284 2602 1384 2676 fronde
1399 2617 1442 2655 se-

380 2686 428 2741 lib.
443 2689 493 2741 111:
507 2689 636 2748 'odimur
649 2689 676 2746 di
690 2688 823 2758 μιινθίηι
836 2690 889 2764 rspl
913 2687 1026 2753 ‚cundo
1041 2685 1162 2740 Secunde
1174 2699 1276 2736 corone
1288 2701 1337 2756 pro
1348 2679 1441 2734 Achil·

380 2767 530 2835 munitm
542 2772 617 2840 ζηόι
628 2769 755 2838 ’eximin
768 2767 888 2839 ηἰπιῃι
932 2765 1015 2831 leide,
1026 2767 1115 2838 prime
1125 2783 1175 2836 pro
1185 2759 1330 2814 Thebaide.

380 2836 527 2918 mn‘ptstsr
539 2845 596 2920 stips.
611 2850 753 2924 *Ulystcs,
768 2867 850 2924 quum
864 2852 889 2904 ei
972 2861 1012 2898 10.
1031 2844 1158 2896 Aonium.
1174 2843 1260 2894 donli
1276 2839 1378 2892 Boeolla
1395 2835 1441 2888 (ll-

380 2927 528 2984 iudicatum
543 2944 613 2984 esset
627 2929 699 3003 apud
712 2927 888 3003 Lycomedem
932 2924 1014 2988 citur,
1033 2921 1107 2994 qnod
1128 2938 1187 2973 eem
1206 2921 1296 2972 Aones
1318 2913 1443 2970 berberse

382 3007 740 3080 esscdchiiiem,quaesitum
749 3007 814 3060 tube
824 3025 887 3061 usus
932 3015 1024 3076 gentes
1053 2997 1198 3074 aliqnando
1226 3009 1377 3052 tenuerunt.
1404 3025 1441 3035 -

382 3090 490 3140 invenit.
501 3111 512 3136 ι
525 3117 562 3130 ·—
572 3089 630 3141 Nec
647 3089 675 3139 tn
685 3089 797 3141 Hectore
807 3099 888 3142 tmen
931 3083 1025 3156 Neque
1040 3083 1111 3134 enim
1124 3079 1241 3132 Aonium
1259 3095 1349 3130 rmus
1361 3074 1441 3130 adre-

382 3169 483 3223 Sistcre.
490 3171 526 3222 Ut
540 3171 603 3222 iecit
616 3171 759 3234 Homerus,
772 3169 817 3240 qui
830 3167 888 3220 linit
932 3181 968 3214 stc
979 3161 1069 3235 pulso,
1082 3163 1139 3214 Nec
1154 3177 1226 3224 mec,
1243 3171 1293 3211 etc.
1306 3158 1383 3208 Hunc
1397 3155 1442 3208 lo·

383 3265 458 3302 sunm
467 3247 549 3301 llieda
559 3247 611 3300 hoc
621 3265 702 3320 opem
709 3245 827 3299 Achillis.
836 3247 889 3298 No·
933 3259 993 3294 cum
1012 3243 1128 3293 imitatus
1146 3253 1185 3292 est
1203 3238 1393 3302 Nemesianus,
1410 3237 1440 3287 in

382 3326 619 3398 tesqueisbulem,
632 3324 889 3399 quediciturdchil-
932 3319 1017 3373 Laud.
1042 3317 1178 3385 Herculis,
1198 3335 1236 3370 vs.
1255 3316 1363 3370 6Poet.
1379 3315 1439 3368 Lst.

381 3406 420 3459 les
428 3406 550 3476 alligasse
557 3409 647 3458 currui
655 3407 890 3471 Hectorem,utro·
933 3401 999 3454 Min.
1011 3415 1081 3453 nost.
1094 3399 1157 3452 edit.
1168 3411 1233 3451 tom.
1243 3399 1269 3464 1,
1277 3417 1304 3468 p.
1316 3395 1376 3467 296.
1391 3396 1438 3447 En.

382 3501 435 3558 que
452 3483 523 3538 illius
543 3484 612 3556 pede
630 3486 783 3558 perforato,
802 3501 833 3535 ec
849 3496 890 3537 ter
974 3493 1014 3532 ¹1.
1032 3481 1089 3532 Nec
1102 3497 1161 3531 mec
1173 3495 1246 3529 nunc
1256 3475 1349 3549 primis
1359 3472 1442 3525 cluse

382 3563 483 3614 circum
496 3563 612 3615 Patrocli
620 3563 754 3616 tumulum
765 3567 889 3632 traxisse,
934 3571 997 3614 cunt
1007 3571 1123 3632 tempora
1139 3557 1217 3610 vittis.
1232 3557 1296 3628 Reg-
1310 3555 1330 3606 B
1341 3551 1441 3620 hebet,

382 3660 415 3694 sc
433 3639 510 3710 iude,
533 3659 616 3714 quum
635 3640 669 3694 ed
687 3641 889 3694 tubernaculum
932 3643 990 3696 Nec
1012 3657 1070 3692 mec
1093 3657 1165 3691 nune
1183 3637 1277 3711 primis
1299 3643 1443 3708 stupescunt

382 3737 503 3774 reversus
516 3736 600 3786 esset,
615 3723 642 3773 in
652 3720 762 3792 pulvere
773 3739 889 3792 pronum
934 3730 1050 3792 tempora
1060 3718 1143 3780 vittis,-
1152 3713 1440 3788 liey.Cnostrnmlect.

381 3801 528 3855 demisisse.
543 3801 669 3872 Virgilius
686 3819 750 3853 sero
768 3801 890 3855 dissentit
933 3797 1185 3852 Em-Albescunt.
1195 3796 1238 3849 Sic
1248 3797 1346 3848 Noster
1353 3791 1440 3844 Theb.

383 3881 417 3936 eb
436 3883 566 3948 Homero,
586 3880 729 3952 scribitque
748 3883 889 3936 Hectorem
934 3879 1016 3944 lli,v.
1027 3877 1089 3948 467.
1106 3875 1211 3928 -niveis
1221 3874 1308 3925 ornati
1318 3885 1442 3943 tempore

382 3980 437 4014 non
449 3965 550 4014 circum
561 3959 675 4013 Patrocli
685 3957 832 4027 tumulum,
843 3961 889 4014 sed
933 3961 1013 4012 vittis.
1025 3983 1036 4006 ι
1051 3959 1083 4009 Ει
1094 3955 1179 4009 Theb.
1192 3957 1237 4021 IV,
1246 3973 1271 4006 v.
1285 3953 1336 4006 216
1346 3965 1373 4004 et
1382 3969 1441 4023 sqq.

382 4045 484 4096 circum
492 4042 587 4096 Iliacos
596 4057 685 4093 muros
693 4053 733 4093 ter
740 4041 821 4092 fuisse
830 4059 890 4112 rep-
936 4052 1043 4091 «vatem
1057 4037 1132 4089 cuitu
1142 4035 1278 4088 Parnassio
1293 4041 1444 4083 monstrent

383 4134 466 4174 tutum
480 4121 515 4173 ab
527 4119 639 4174 Achille.
933 4118 1057 4183 Vellere,
1076 4117 1210 4170 frondenti
1229 4114 1340 4166 crinitur
1359 4113 1446 4163 cassis

419 4220 444 4273 7.
464 4203 516 4256 Sed
530 4213 584 4256 tota
589 4205 726 4275 juvenem.
744 4198 796 4254 Sed
810 4198 888 4265 volo,
934 4199 1016 4266 olive,
1027 4198 1284 4271 Albeqnepuuicens
1290 4191 1446 4263 interplicat

382 4283 483 4352 inquit,
499 4284 625 4353 juvenem
643 4295 731 4334 stote
746 4283 841 4352 Trojs,
861 4277 888 4332 id
933 4279 1150 4332 iuiulacristss.s
1162 4278 1329 4345 iiursumque
1339 4269 1447 4340 lith,
