3194 5156
559 611 702 675 LIBER
727 615 753 676 1.
966 615 969 624 “
1117 619 1181 686 533

175 741 280 827 Argos
292 737 360 828 agit
373 749 519 802 turmas:
533 752 722 802 vacuantur
733 761 859 830 pascua
873 737 951 807 ditis

175 845 341 914 Arcadias:
358 847 467 914 frenat
481 846 606 914 celeres
622 849 741 939 Epiros
755 847 928 918 alumnos:
1129 865 1182 933 420

175 956 311 1039 Phocis,
327 972 361 1024 et
372 959 486 1024 Aonia.¹
495 955 616 1049 jaculis
629 961 796 1026 rarescitis
810 959 956 1028 umhrae:

175 1073 352 1135 Mororum
367 1084 534 1135 tormenta
549 1067 647 1162 Pylos
660 1074 886 1164 Messenaque
898 1072 1052 1142 tendunt.

175 1179 274 1248 Nulla
286 1183 445 1248 immunis
458 1179 601 1248 humus:
615 1179 788 1248 velluntur
800 1183 955 1276 postibus
968 1184 1043 1254 altis

96 1409 99 1416 ·
131 1404 196 1456 quos
207 1385 308 1439 medina
321 1400 361 1439 est
374 1386 506 1440 Achelous
521 1387 631 1456 fluvius,
675 1389 748 1442 dant.
762 1392 933 1464 Messenaque
944 1391 1049 1445 tradunt
1058 1392 1124 1442 Dan.
1137 1394 1181 1445 Pe-

130 1464 259 1518 adherent
269 1468 357 1537 Epiro.
368 1467 406 1519 Ex
416 1470 446 1520 iis
455 1468 632 1540 gentibuspe·
676 1481 726 1521 tas.
741 1482 793 1522 tres
806 1472 947 1538 Bernartii,
962 1489 1053 1522 omnes
1067 1470 1180 1536 Barthii,

129 1543 192 1597 dites
205 1545 352 1598 veniebant.
676 1561 702 1600 et
715 1547 776 1600 edd.
794 1564 856 1602 vett.
875 1551 1045 1622 Messenaque
1061 1551 1181 1602 tendant.

162 1627 222 1695 419.
237 1629 328 1698 Arpos.
340 1629 427 1700 Caput
439 1628 577 1699 Argolidis,
588 1629 633 1682 eni
675 1630 790 1681 Petrens.
799 1631 830 1682 T.
841 1632 871 1683 ll.
883 1631 945 1681 Esc.
958 1633 1035 1700 Burg.
1045 1634 1099 1681 Put
1111 1648 1180 1684 unus

128 1707 199 1759 dedit
221 1727 326 1760 nornen.
345 1739 381 1748 -
402 1710 520 1763 Tumens.
544 1714 630 1776 Bene,
677 1707 1180 1780 Bernartii,Gronov.Barth.etDelpb.·

128 1807 173 1838 seu
179 1791 303 1860 Equites,
314 1791 374 1860 quia
385 1788 456 1841 illinc
467 1792 559 1861 optimi
570 1793 630 1861 eqni
676 1787 737 1856 Rep.
748 1789 768 1838 B
778 1788 867 1855 babet,
879 1792 1046 1861 Messenaque
1057 1789 1180 1852 tendant‚·

127 1868 305 1934 mittebantur,
317 1868 388 1920 unde
403 1871 487 1940 Argos
501 1869 629 1941 Hippiam
676 1867 739 1936 lleg.
755 1868 947 1939 CMesanaqae
959 1870 1072 1921 tradant.
1087 1870 1134 1919 Eu.
1144 1899 1180 1907 -

126 1939 278 2010 vocabatur,
292 1947 324 1999 ad
337 1947 513 2000 differentiam
526 1948 630 2001 urbium
674 1945 765 2016 Pylos.
790 1947 858 1999 Urbs
884 1947 1034 2012 Messenia,
1061 1949 1179 2000 Nestoris

126 2024 242 2093 ejusdem
261 2027 382 2078 nominis.
400 2057 436 2066 -
454 2029 552 2079 Pascua
571 2029 630 2079 ditis
674 2027 767 2096 patria.
782 2057 818 2066 —
831 2028 959 2080 Messana.
973 2026 1043 2078 Urbs
1059 2027 1179 2096 primaria

125 2105 249 2156 Arcadiae.
267 2104 379 2156 Arcadia
395 2123 457 2176 pars
475 2106 629 2158 mediter-ra·
674 2104 828 2171 Messenia,
854 2108 898 2158 cui
920 2105 991 2157 dedit
1014 2123 1120 2157 nomeu.
1143 2137 1180 2146 —

124 2203 174 2235 nea
188 2182 362 2255 Peloponnesi
374 2205 380 2236 ι
396 2184 492 2236 dicitur
504 2185 588 2251 diues,
602 2185 629 2237 id
677 2182 798 2235 Tendunt
806 2183 949 2254 (tradant).
961 2183 1013 2235 Alii
1025 2183 1114 2255 legunt
1124 2193 1184 2236 ten·'

125 2275 177 2327 est,
194 2260 293 2314 fertilis.
312 2262 406 2314 Strabo
423 2266 492 2315 enim
509 2266 588 2316 refert
602 2265 629 2316 iu
674 2260 741 2312 dant
754 2279 786 2314 ex
800 2262 920 2334 pluribus
934 2264 994 2316 Mes.
1010 2261 1082 2313 haud
1098 2261 1178 2316 dubie

124 2341 236 2392 Arcadia
252 2341 347 2395 fertilia
372 2343 453 2395 fuisse
468 2347 559 2414 pecori
579 2363 630 2415 pa·
674 2338 709 2391 ad
728 2360 828 2392 morem
848 2343 978 2413 priscum,
998 2360 1051 2413 quo
1070 2341 1177 2393 funibus

125 2440 206 2486 seua,
225 2426 367 2494 prasertim
383 2427 476 2494 equis,
500 2438 528 2476 et
550 2427 628 2478 erinis
672 2420 800 2472 machinae
812 2420 884 2473 tendi
895 2420 986 2472 solent.
996 2422 1121 2492 vegetius
1131 2420 1175 2472 lib.

124 2520 252 2572 equarum
268 2503 490 2574 suppositoribus.
672 2502 716 2553 lv,
725 2500 791 2554 Vide
802 2515 993 2554 tormentorum
1006 2504 1096 2554 icones
1106 2503 1177 2553 noti-

160 2589 219 2644 [ρο.
241 2585 339 2654 Epiros,
358 2584 452 2654 Epirus
467 2586 539 2656 regio
556 2588 628 2638 occi.
673 2581 713 2632 tiae
726 2582 829 2652 lnrperii
841 2581 981 2652 subjectas.
995 2583 1104 2632 Brittan.

123 2661 386 2713 dentaliorGraeciae.
404 2662 444 2714 Ab
464 2665 628 2716 Acrocerau-
709 2660 769 2726 423.
802 2660 887 2714 Natta
920 2661 1042 2713 immunis
1074 2660 1176 2713 hamas.

122 2744 173 2793 niis
188 2743 284 2812 occipit
301 2741 448 2805 montibus;
464 2745 490 2794 in
506 2763 536 2795 ea
551 2745 628 2814 primi
672 2741 775 2812 Nempe
788 2759 879 2794 omnes
900 2739 979 2792 urbes
1004 2754 1050 2791 aut
1066 2737 1176 2804 milites,

123 2821 259 2885 Chaones,
282 2818 378 2872 deinde
403 2820 560 2892 Thesproti,
574 2826 628 2874 An·
673 2831 718 2870 aut
738 2837 809 2870 orma
828 2817 987 2890 prabebant.
1007 2815 1079 2869 Nulli
1097 2835 1176 2880 vero,

124 2903 285 2969 tigonenses.
306 2903 367 2952 llaec
387 2905 460 2972 regio
481 2903 527 2955 alit
545 2923 627 2977 equas
672 2914 725 2951 tam
738 2900 810 2971 apud
822 2900 927 2952 Graecos
939 2919 1016 2972 quarn
1029 2901 1177 2965 Romanos,

121 2982 361 3052 prestantissimae,
376 2999 432 3052 quae
445 2981 479 3032 ab
491 3001 521 3033 ea
533 2985 627 3052 Epiro·
671 2979 734 3031 belli
745 2983 847 3032 vacatio
860 2978 983 3044 dabatur,
993 2980 1043 3030 nisi
1055 2997 1086 3028 ex
1099 2980 1177 3030 certis

122 3061 179 3112 tica
189 3057 626 3132 appellantur.VirgiliusGeorg.l,
673 3060 774 3122 causis,
799 3077 855 3129 quae
879 3059 1013 3110 rarissima
1037 3068 1118 3107 erant.
1140 3085 1177 3097 -

121 3158 147 3191 r.
175 3141 220 3207 59(
244 3136 385 3189 -etiadum
408 3138 509 3209 palmas
532 3141 626 3210 Epiros
672 3137 789 3190 Postibus
801 3135 861 3188 altis
880 3138 968 3188 Arma.
985 3137 1023 3188 Ex
1038 3133 1174 3205 postibus,

121 3238 281 3291 equarum·
297 3217 362 3270 Vide
377 3219 411 3270 ab
423 3222 523 3292 lleynio
536 3233 625 3271 notata
637 3205 647 3222 ⁴
671 3218 769 3288 inquit,
789 3214 916 3266 domuum
935 3233 1007 3266 arma
1023 3211 1175 3264 avelleban-

122 3299 157 3350 ad
176 3299 247 3369 virg.
265 3297 360 3369 Georg.
379 3301 405 3363 l,
422 3298 456 3368 59
475 3311 543 3350 nost.
563 3299 625 3351 edit.
672 3310 723 3348 tur.
748 3297 857 3368 Hocque
878 3315 909 3347 es
927 3293 1117 3348 consuetudine
1138 3306 1177 3346 est

120 3390 186 3428 tom.
200 3380 223 3443 l,
236 3397 262 3448 p.
277 3377 336 3429 258.
350 3378 429 3428 Nunc
442 3377 557 3429 Albania
567 3377 626 3430 vul-
671 3379 864 3440 Romanomm,
877 3377 904 3426 in
916 3393 1027 3447 quorum
1038 3372 1140 3425 foribus
1151 3385 1177 3424 et

120 3475 156 3522 go
168 3469 286 3509 vocatur.
298 3454 481 3508 tta-Celeres
496 3455 625 3511 alumnos.
672 3459 741 3509 circa
756 3457 846 3510 limina
859 3454 1043 3507 excellentium
1057 3455 1177 3505 virorum

120 3536 212 3607 Equos
227 3534 335 3588 celeres.
671 3537 798 3605 imagines
823 3548 897 3587 erant
922 3551 1067 3603 suspensae,
1092 3531 1177 3584 affixis

158 3617 219 3682 421.
239 3614 341 3667 Phocis.
359 3613 454 3666 Phocis
471 3617 543 3687 regio
557 3617 626 3668 Gra·
671 3613 787 3667 hostium
806 3613 910 3685 spoliis,
930 3633 987 3685 quse
999 3615 1176 3682 necemptori
1210 3668 1215 3681 Ι

120 3696 180 3761 ciae,
203 3694 313 3746 celebris
338 3695 462 3746 Parnasso
488 3709 577 3748 monte
601 3711 626 3748 et
670 3693 1177 3765 refringereliceret‚quaeetiam,domi-

119 3772 245 3844 Delphis,
260 3775 327 3826 inter
343 3775 470 3826 Boeotiam
488 3788 514 3828 et
529 3788 626 3829 terram
670 3777 711 3827 nis
741 3777 862 3841 mutatis,
894 3774 990 3826 domus
1022 3785 1176 3825 ornamenta

118 3855 399 3905 Atticam-Aonie.
410 3853 438 3904 ld
450 3857 625 3923 est,lloeotiae,
671 3869 754 3907 erant.
790 3857 906 3926 Eratque
941 3853 996 3904 hac
1032 3850 1176 3905 stimulatio

118 3931 155 3982 ab
170 3931 290 3984 donibus
305 3929 425 4004 populis,
439 3935 483 4004 qui
498 3934 626 3986 Boeotiam
672 3955 773 3988 summa
788 3949 814 3988 et
830 3938 937 4006 ingens,
955 3933 1177 4005 exprobrantibus

117 4012 273 4064 incolebant
289 4026 349 4064 ante
366 4013 506 4066 adventum
523 4016 623 4069 Cadmi.
671 4016 746 4067 tectis
760 4014 880 4086 quotidie
895 4015 1025 4067 imbellem
1039 4014 1135 4064 intrare
1150 4016 1177 4064 in

117 4123 155 4132 —
164 4093 474 4148 localis-Decrescunt
489 4095 556 4147 silste
565 4114 625 4147 nm·
672 4093 785 4146 alienum
798 4094 970 4166 triumphurn.
983 4095 1081 4145 Noster
1091 4091 1175 4144 Theb.

118 4172 236 4238 briferae,
258 4176 329 4226 casis
347 4172 383 4226 ad
395 4173 487 4246 jacula
503 4174 627 4228 facienda
670 4173 1177 4247 lll,580etseq.·ArmapateroisPosti-

117 4252 277 4306 arbusculis.
670 4251 736 4318 bus,
744 4269 769 4306 et
777 4254 842 4307 fixos
854 4251 1022 4325 Superumad
1031 4251 1176 4324 penetralia

156 4332 217 4400 das.
239 4335 278 4385 M.
298 4342 316 4384 t.
337 4333 367 4384 P.
384 4333 556 4406 Messenaque
570 4345 626 4386 ten·
672 4351 763 4386 currus
773 4332 876 4384 Vellere
886 4350 968 4384 amor.
979 4334 1120 4384 Baranam„
