3272 5166
634 545 777 610 nrnen
799 545 841 608 x.
1196 550 1260 641 ³¹7

256 673 366 742 Omne
378 668 473 740 sedet
484 670 589 738 telum
601 695 609 737 :
622 668 707 738 nulli
720 673 793 740 sine
804 669 953 740 cedibus
965 675 1062 742 ictus.

256 784 410 852 Necdum
421 783 538 852 aderet
547 786 655 852 virtus
668 810 675 850 :
689 808 759 852 non
770 806 884 867 mens,
897 809 966 853 non
977 785 1093 855 dextra
1104 789 1260 883 quiescit,

256 900 331 962 Non
343 893 441 963 avide
452 919 546 962 arma
558 910 692 978 vacant,
704 897 777 988 ipse
789 895 937 964 insanire
949 895 1082 966 videtur

256 1006 385 1099 Sphinx
397 1005 500 1101 galeae
512 1024 640 1092 custos,
653 1009 792 1102 visoque
804 1009 949 1076 animata
963 1031 1084 1076 cruore

255 1119 386 1185 Emicat
397 1118 540 1211 effigies,
553 1136 587 1186 et
599 1141 715 1211 sparsa
727 1115 896 1185 orichalca
907 1116 1081 1201 renident;
1207 1133 1261 1188 660

256 1233 369 1316 Quum
381 1236 449 1298 Dee
462 1233 645 1323 pugnantis
657 1227 834 1322 capulum,
849 1227 1071 1324 dextramque
1082 1235 1259 1323 repressit:

308 1343 550 1433 «Magnanime
562 1365 582 1408 o
592 1338 743 1434 juvenis,
758 1364 826 1434 quo
837 1363 907 1407 non
920 1343 1094 1433 agnoverit
1104 1340 1215 1411 ulium

255 1453 386 1521 certius
398 1453 557 1522 armifero
568 1452 685 1522 Cadmi
698 1452 740 1521 de
753 1455 880 1521 semine
893 1459 1044 1536 Mavors,

256 1565 387 1657 Linque
398 1562 546 1632 humiles
557 1587 706 1657 pugnas,
720 1587 790 1632 non
802 1562 875 1632 haec
886 1563 946 1630 tibi
959 1563 1070 1631 debita
1081 1567 1206 1636 virtus:

255 1678 354 1739 Astra
365 1690 501 1756 vocent,
516 1672 666 1769 caeloque
678 1676 840 1754 enimam,
853 1673 930 1768 pins
943 1676 1099 1767 concipe,
1112 1679 1236 1747 mittes.

254 1783 463 1851 Jemdudum
475 1783 540 1854 hoc
550 1784 676 1854 hilares
689 1788 820 1878 'genitor
832 1784 1016 1862 bacchatur
1026 1787 1068 1855 ad
1080 1813 1173 1874 eres,
1207 1804 1262 1858 666

255 1897 330 1961 Hoc
341 1896 452 1986 ignes,
466 1896 628 1992 fibraeqne
641 1895 775 1980 volunt,
788 1895 853 1964 hoc
866 1915 964 1989 urget
976 1896 1107 1990 Apollo.

254 2005 473 2096 Terrigennm
486 2024 609 2076 cuncto
620 2011 738 2101 petrice
748 2031 812 2102 pro
825 2010 988 2101 sanguine
999 2026 1156 2102 poscunt.

205 2263 287 2335 prior.
299 2263 404 2328 Melior,
417 2269 510 2338 major.
520 2296 556 2306 -
567 2269 714 2320 Circumcu·
757 2267 830 2340 quod
840 2288 890 2340 ego
903 2266 1010 2340 quidem
1019 2267 1126 2319 minime
1138 2283 1188 2318 eno
1199 2265 1261 2320 loco

208 2343 712 2415 muinntnr.Mcrtuorumcadaveribus,
756 2347 1016 2418 circumscripserirn.
1028 2367 1040 2391 n
1058 2347 1152 2396 Benrn.
1347 2400 1350 2416 μ

208 2444 277 2499 quoe
291 2426 452 2482 occiderant.
473 2431 550 2481 Licr.
792 2427 853 2480 663.
869 2429 895 2478 C.
908 2446 933 2478 a.
948 2425 1040 2478 Cadmi
1051 2422 1189 2476 desemine
1199 2423 1262 2475 Ma-

247 2505 310 2558 656.
339 2508 430 2559 Omne.
456 2507 562 2560 Scilicet
582 2509 713 2562 Menoecei
757 2525 822 2560 vers·
837 2505 972 2557 Cadmide
981 2503 1109 2578 sanquine
1119 2503 1199 2572 hang.
1210 2503 1262 2554 Bu·

206 2582 303 2637 vulnus
317 2584 396 2638 ieteie
406 2601 475 2653 erat,
488 2601 515 2640 et
528 2587 593 2640 nulii
606 2589 673 2640 ictus
685 2591 712 2640 in
756 2585 817 2639 eiid.
830 2589 898 2638 Dan.
915 2588 971 2638 Put.
988 2583 1065 2635 Aitld.
1083 2582 1168 2635 Cciin.
1183 2581 1260 2634 Basti.

207 2683 304 2716 renum
319 2665 457 2719 cadebant.
470 2669 547 2720 incr.
559 2697 596 2709 -
606 2670 646 2719 De
660 2666 712 2720 hcc
756 2664 841 2717 Pient.
856 2662 1034 2733 Lindenbrcg.
1054 2662 1135 2714 Crnc.
1154 2661 1260 2714 Gevnrt.

207 2742 269 2794 loco
283 2742 341 2796 vide
355 2758 446 2797 notata
462 2746 495 2798 ad
509 2747 602 2797 Arien.
619 2747 710 2798 Descr.
756 2743 1022 2798 Graeeer.etArnstei.
1031 2742 1123 2794 Cadmi
1129 2741 1262 2793 desemine

208 2823 287 2879 Orbie
304 2827 406 2892 Teren,
427 2846 452 2878 r.
475 2826 535 2880 563.
559 2830 631 2880 Poet.
652 2830 710 2880 Lat.
756 2819 1261 2889 Behntt.t‚2,muiticodd.Grcncvii‚

207 2905 273 2956 Min.
288 2917 356 2957 noct.
372 2905 435 2958 edit.
449 2921 512 2960 torn.
527 2909 560 2972 V,
572 2926 632 2978 pag.
650 2925 708 2960 m.
756 2917 783 2956 et
795 2903 854 2956 edd.
867 2915 978 2954 recentt.
992 2914 1017 2951 et
1029 2903 1067 2952 itn
1078 2899 1141 2971 legit
1150 2900 1262 2952 Lactan-

243 2982 305 3053 657.
320 2986 437 3039 Necdum
449 2987 540 3038 ederat
551 2988 639 3038 virtus.
651 2988 712 3040 iiaec
755 2984 815 3034 tine.
825 3011 862 3022 -
870 2980 1002 3052 Armiferc
1018 2978 1109 3031 Cadmi
1120 2979 1261 3031 desemine

207 3061 322 3114 faciebat
335 3065 490 3116 Menoeceue
505 3063 625 3117 nondum
643 3084 712 3137 pre·
755 3061 868 3115 Mavors.
882 3062 939 3111 Hoc
952 3072 990 3110 est
999 3097 1008 3125 ,
1017 3057 1052 3110 de
1063 3059 1179 3130 Spartie,
1192 3077 1261 3130 quoe

207 3155 282 3194 rente
294 3157 320 3195 et
332 3144 478 3212 inspirante
490 3146 602 3195 Virtute.
755 3142 929 3193 seminaverat
947 3137 990 3190 iiie
1011 3136 1147 3208 «agricola
1168 3138 1261 3190 Martie

242 3219 304 3290 659.
312 3221 415 3292 Sphinx
423 3221 508 3298 quiete
516 3234 605 3276 centos.
616 3221 712 3293 Sphin·
756 3220 852 3290 0perti.
863 3239 875 3263 ι
890 3216 976 3268 Creon
990 3217 1060 3268 enirn
1073 3216 1200 3267 Menoecei
1215 3234 1261 3287 pn·

206 3319 266 3374 gem
283 3305 353 3354 enim
371 3304 399 3355 in
414 3321 482 3355 ccnn
500 3303 579 3374 galee
596 3302 711 3355 habebat
756 3312 804 3362 ter,
813 3295 1262 3365 iiiiueeretMenoecei,neposPen-

206 3383 375 3449 Menoeceue,
388 3394 417 3434 nt
429 3383 541 3435 vidimus
553 3381 637 3434 Theb.
648 3385 710 3450 Vll,
755 3376 820 3442 thei,
829 3377 872 3429 cui
880 3388 956 3446 pater
962 3373 1064 3426 Echion
1073 3373 1261 3445 unnsexspen

206 3480 231 3513 v.
246 3458 306 3514 252.
755 3457 798 3510 tie.
812 3487 848 3496 -
861 3455 1003 3526 Amisere.
1016 3454 1058 3506 Ob
1071 3453 1233 3526 prodeuntes
1245 3473 1259 3506 e

241 3541 303 3596 666.
313 3541 450 3596 renident.
459 3543 592 3614 Sanguine
602 3543 711 3615 perfuse
755 3551 824 3591 terra
840 3550 1000 3589 armatorum
1016 3537 1117 3606 copies.
1210 3575 1214 3586 .

131 3637 136 3646 '
206 3620 331 3674 nitidiora
345 3623 419 3675 fiunt.
437 3623 565 3673 Ltcrnnr.
790 3617 852 3670 665.
864 3615 939 3668 Astra
953 3624 1061 3680 vocent,
1074 3612 1188 3684 eoeicque
1199 3613 1260 3662 ani·

242 3701 304 3755 661.
316 3703 400 3774 Quum
411 3702 467 3754 Dea
478 3702 621 3774 puqnantr'r
631 3718 710 3773 capn-
755 3716 825 3748 mam
833 3692 1127 3768 (pineconeipe)mitter.
1141 3695 1189 3742 Pro
1199 3692 1259 3745 mit·

207 3781 276 3848 lum,
289 3782 458 3853 dextramque
473 3781 596 3850 repressit.
612 3782 674 3850 Refl.
690 3784 711 3833 B
755 3788 791 3829 tes
800 3778 858 3827 Put.
869 3774 952 3827 habet
964 3775 1052 3826 mittis.
1063 3800 1099 3811 -
1109 3773 1172 3842 Reg.
1183 3769 1260 3823 Bhe-

206 3861 303 3928 habet,
315 3861 399 3932 Quum
413 3861 467 3912 Dea
478 3871 625 3932 peynanter
634 3877 710 3928 capu·
754 3855 800 3907 bet
811 3852 880 3906 hanc
893 3854 952 3905 ieet.
966 3852 1028 3920 fleg.
1042 3852 1198 3904 Cnoetrnm.
1212 3850 1265 3901 En:

207 3939 264 3992 lum
271 3979 281 4008 ,
293 3954 344 3993 etc.
355 3943 417 4010 neg.
428 3939 450 3991 C
460 3951 576 3992 nostram
588 3937 649 3990 ieet.
661 3941 709 3991 En.
754 3963 790 3974 —
802 3933 865 3985 Pirer
883 3933 998 4003 concipe.
1014 3929 1074 3982 Pius
1085 3931 1188 3982 virtutis
1200 3946 1259 3981 eue-

205 4049 242 4061 -
255 4019 411 4093 Puqnantr's.
423 4017 562 4070 Menoecei.
755 4015 824 4086 cipe.
843 4016 970 4065 horter.

240 4096 709 4177 662Ma5nantmeojuvenis.wer·
789 4093 850 4147 668.
878 4093 1046 4165 Terriyenam
1072 4101 1181 4156 cuncto,
1204 4103 1256 4140 etc.

206 4199 286 4254 qnam
307 4182 413 4252 egregie
435 4180 555 4252 egregius
575 4175 619 4228 iiie
640 4174 710 4228 iiber
754 4173 922 4246 Teniqenam
936 4171 1023 4223 cuncti
1039 4173 1154 4240 optimus
1166 4166 1255 4220 Barth.

205 4264 335 4333 scripture
353 4257 527 4332 Maqnnnime
537 4259 707 4328 cjncenume
752 4283 788 4294 -
801 4255 900 4305 Cunctc
909 4252 1003 4322 patria
1012 4267 1060 4321 pro
1071 4248 1206 4320 renquiae.
1217 4247 1256 4298 Te
