3196 5158
537 515 678 580 LIBER
703 515 784 578 Vll.
828 521 829 526 ’
1138 519 1178 586 35

186 673 201 703 e
213 640 267 710 Illi
277 657 392 709 autem
402 691 411 722 ,
423 661 571 734 quanam
579 635 770 732 junguntur
781 641 909 732 origine
922 639 1063 708 iratres?

185 758 237 823 Sic
248 769 338 822 certe
349 753 444 846 paria
455 775 549 820 arma
560 753 657 834 viris,
672 753 720 819 sic
732 754 801 818 exit
810 753 846 818 iu
858 773 957 820 auras

185 864 329 933 cassidis
342 887 459 958 aequus
472 886 557 955 apex
569 889 576 928 ε
590 865 720 930 utinam
732 861 805 930 hoec
817 861 998 930 concordia
1010 866 1151 932 uostris!
1166 896 1179 925 ι

232 981 293 1044 Cui
304 978 419 1046 senior
430 973 563 1042 ridens:
581 1006 595 1035 α
607 979 682 1042 Non
694 976 803 1067 prima
815 997 928 1042 errore
940 974 1075 1042 videndi

187 1087 338 1170 Falleris,
351 1091 533 1180 Antigone:
545 1084 644 1154 multi
656 1086 732 1170 hos,
745 1109 823 1154 nam
837 1084 961 1179 decipit
972 1103 1069 1170 aetas,
1135 1101 1185 1170 ²9⁵

188 1201 351 1266 Dixeruut
364 1197 504 1264 fratres:
517 1212 690 1290 pretereat,
703 1213 887 1290 natusque3
902 1194 961 1264 sed
972 1199 1035 1264 aevi

188 1307 377 1378 Confudere
388 1306 525 1376 modos:
538 1329 683 1399 puerum
695 1305 894 1401 Lapithonia
906 1305 1057 1400 nympha

190 1421 345 1501 Dircetis,
358 1434 529 1511 expertem
541 1417 697 1500 thalami,
711 1417 921 1512 crudumque
933 1420 1061 1486 maritis

191 1527 345 1622 Ignibus,
358 1544 438 1596 ante
450 1527 541 1597 diem
553 1528 678 1622 cupido
689 1529 827 1598 violavit
838 1551 966 1609 amore,

192 1639 348 1732 Improba
361 1637 542 1707 connubii:
556 1663 620 1708 uec
631 1638 772 1732 longum
784 1654 818 1707 et
828 1636 970 1732 pulcher
980 1635 1158 1706 Alathreus

190 1747 325 1830 Editus,
336 1773 377 1816 ac
387 1751 506 1843 primae
519 1752 704 1843 genitorem
717 1753 752 1817 in
764 1749 847 1818 flore
855 1746 1006 1847 juveutoe
1139 1763 1188 1816 3οι

142 1937 179 1993 go
192 1920 317 1992 interfata
330 1919 496 1993 loquentem
510 1921 583 1995 qnod
595 1939 649 1974 om·
693 1921 859 1994 lapithonr'a.
880 1922 976 1992 Scripti
991 1943 998 1972 ε
1018 1917 1191 1993 lapithaona.

146 2018 209 2051 mno
217 1999 391 2072 Papinianum
399 2001 647 2054 contemnum.
691 2001 771 2070 Quod
788 2019 930 2072 postumus
951 2003 1119 2072 interpretari
1142 2019 1193 2053 no-

146 2093 173 2131 et
183 2083 237 2132 Pet.
253 2078 378 2132 exhibent
393 2079 519 2152 loquenti.
529 2109 564 2123 -
573 2083 649 2134 Hanc
692 2099 752 2132 men
766 2083 857 2152 pueri,
874 2081 919 2152 qui
932 2078 1026 2131 deinde
1040 2091 1116 2150 pater
1128 2078 1194 2132 Ata-

146 2155 286 2208 lectionem
293 2156 357 2227 Reg.
369 2156 492 2224 Bhabct,
502 2160 566 2230 neg.
575 2158 649 2210 Cno-
693 2157 760 2212 threi
771 2161 858 2212 factus
868 2172 916 2212 est.
931 2157 1034 2212 Sufficit
1044 2161 1108 2230 ipsi,
1121 2157 1195 2231 quod

144 2248 233 2288 emm.
252 2235 300 2286 En.
315 2263 350 2274 -
364 2235 444 2310 Virgo
463 2237 587 2308 interfata
600 2237 647 2290 do·
693 2237 844 2310 appellatur
855 2239 978 2304 Dinonis,
994 2236 1128 2310 lapithet,
1143 2238 1195 2288 [o-

146 2315 221 2368 mei.
233 2309 319 2365 lheb.
333 2315 373 2380 11,
389 2315 452 2368 1882
469 2317 532 2370 «δὶα
544 2317 649 2368 interfa·
690 2317 816 2390 pithaon,
828 2331 857 2370 ut
866 2316 1033 2385 Chremetes,
1042 2317 1196 2370 Chremeta·

146 2407 190 2446 tus
197 2405 225 2444 et
236 2389 332 2458 aher,-
342 2390 389 2444 nbi
398 2391 458 2444 ride
467 2406 573 2462 notata,
583 2407 646 2447 tom.
693 2415 743 2462 on,
755 2414 833 2467 quern
843 2395 895 2448 hoc
902 2415 1010 2468 quoqne
1020 2395 1087 2448 libro
1100 2395 1193 2448 habes.

146 2469 259 2542 praed.
271 2487 334 2542 peg.
350 2470 409 2522 180.
427 2473 474 2524 En.
692 2477 775 2528 Gnon.
790 2475 841 2527 Sed
853 2493 884 2528 ex
895 2475 981 2528 Theb.
991 2475 1041 2540 Xl,
1056 2475 1103 2540 32,
1118 2473 1195 2527 disci·

182 2565 243 2618 ²9¹·
266 2547 323 2600 1ttt.
346 2550 466 2604 umiae
480 2573 488 2602 r
510 2569 557 2603 eos
578 2552 648 2604 enim
693 2573 753 2607 mus
764 2567 867 2626 patrem
878 2553 998 2608 Alethrei
1010 2555 1098 2607 vocari
1110 2554 1195 2628 Eury-

146 2647 227 2682 nanu
242 2627 399 2700 designabat
412 2631 552 2701 Antigone.
693 2631 827 2686 medonta.
843 2635 918 2686 Unde
931 2633 1089 2706 Lapitlonia
1103 2635 1195 2688 forsan

182 2725 243 2778 ²9²·
262 2707 306 2759 Sic
316 2707 371 2758 exit
379 2709 406 2759 in
416 2727 501 2762 auras.
511 2711 589 2762 Pares
599 2710 649 2762 cri·
692 2729 791 2764 nomen
804 2711 883 2784 hujus
894 2711 1035 2786 Nymphae,
1048 2727 1073 2766 et
1085 2715 1195 2768 Direetr's

145 2801 200 2840 stes
211 2789 238 2839 in
252 2785 334 2838 comis
345 2785 478 2857 galearum
489 2787 624 2859 gerebant.
692 2791 835 2846 deductum
849 2811 864 2844 a
876 2795 953 2846 Dirce
964 2794 1040 2846 fonte
1051 2795 1165 2847 Boeotiae.

181 2866 243 2936 ²94.
262 2865 357 2918 Errore
372 2865 485 2920 videndi.
501 2869 560 2920 Non
575 2885 647 2920 erra-
729 2873 789 2944 298.
806 2873 916 2926 Dimetir
932 2892 989 2946 esp.
1013 2873 1050 2926 th,
1069 2875 1194 2926 crudum-

144 2957 209 2998 rnnt
217 2943 302 3010 oeuli,
311 2963 389 3017 peres
396 2943 526 3013 videndo,
536 2945 584 3000 setl
592 2947 647 2998 ani·
692 2971 741 3025 que
750 2952 858 3004 maritis.
868 2951 982 3005 Decretis
991 2953 1059 3004 Dan.
1070 2953 1195 3018 crudum-

146 3043 206 3077 mue
217 3022 328 3076 credens
340 3021 399 3075 illis.
413 3024 471 3076 Vet.
485 3023 572 3077 Schol.
691 3049 742 3102 que
750 3031 838 3082 mariti
847 3033 916 3082 Dan.
924 3031 982 3082 eur.
991 3033 1079 3084 Petav.
1087 3035 1193 3106 —Reg

180 3104 243 3175 296.
261 3103 313 3157 sed
328 3105 386 3156 evi.
401 3103 459 3156 Pur.
476 3106 520 3156 sed
536 3123 598 3158 evo.
612 3133 649 3146 -··
692 3110 725 3175 B,
737 3109 850 3162 Dercetis
861 3126 921 3160 cum
933 3107 1009 3162 litere
1024 3110 1194 3182 isuprascri·

144 3185 222 3236 llanc
242 3182 383 3234 lectionem
401 3183 466 3254 Reg.
486 3183 507 3234 B
526 3181 647 3250 exhibet,
691 3199 739 3258 pta
751 3186 801 3238 alia
812 3205 905 3250 manu;
917 3189 980 3260 Reg.
991 3188 1024 3256 C,
1034 3189 1138 3243 Dirceos
1148 3189 1195 3242 ha·

145 3264 209 3336 lleg.
224 3260 246 3312 C
257 3274 384 3314 nostram.
398 3261 444 3312 En.
456 3289 492 3300 -
502 3263 565 3315 AEvi
581 3263 649 3316 (bn—
691 3265 896 3320 bet-Marta}
903 3268 1012 3341 ignibus.
1019 3268 1115 3322 Viriles
1123 3289 1196 3322 amo·

139 3341 341 3413 fudenmodos.
350 3341 515 3408 AEtatissuae,
526 3338 590 3392 dum
599 3359 650 3414 pte·
693 3362 749 3410 res,
769 3343 927 3397 concubitus
940 3345 1102 3418 voluptatem
1121 3347 1194 3402 dicit.

145 3443 178 3474 oe
196 3419 312 3494 aquales
328 3434 404 3489 sunt,
419 3423 502 3494 spatia
521 3422 649 3475 confude-
730 3439 789 3492 ²99·
807 3422 877 3474 Ante
893 3423 970 3475 diem.
989 3424 1116 3476 Nondum
1133 3428 1195 3479 satis

146 3516 207 3555 runt
233 3499 371 3574 Nympha.
396 3499 437 3552 Ad
462 3514 649 3572 oruamentum
693 3501 810 3556 habilem
823 3502 1048 3557 adconcubitum.

145 3583 271 3636 carminis
282 3583 324 3636 eui
335 3583 453 3634 Grecum
466 3601 563 3635 nomen
576 3601 651 3635 acce·
730 3583 791 3636 300.
811 3581 879 3654 Imp.
893 3603 970 3636 conn.
985 3603 1032 3636 nec
1048 3584 1156 3659 longum
1171 3599 1197 3640 et

148 3666 193 3733 pit.
213 3663 307 3714 Once
329 3656 405 3726 νύμφη
429 3659 526 3712 dicitur
549 3679 649 3734 sponsa.
693 3661 810 3734 pulcher.
825 3663 893 3714 Dan.
909 3667 997 3716 Peter.
1013 3664 1121 3736 lonqum
1131 3665 1196 3736 pui-

183 3759 244 3812 ²97·
265 3741 412 3812 Confirdere
423 3739 493 3793 mod.
508 3759 584 3813 puer.
598 3741 651 3794 ba-
695 3740 764 3808 cber,
773 3741 869 3792 omisso
877 3741 913 3808 τῷ·
922 3741 1126 3815 ets-Improba
1134 3761 1197 3796 eon·

146 3819 267 3890 pithonis
274 3817 654 3893 nympha.-Dan.bapitha·
696 3819 777 3871 nnbii.
797 3818 827 3871 ld
844 3833 897 3887 cst,
916 3823 1025 3874 nimium
1040 3821 1114 3875 avida
1129 3841 1196 3895 prte-

149 3900 220 3960 πίας
236 3899 344 3970 optimas
361 3896 458 3949 Rerthii
478 3898 653 3965 membranae,
696 3901 791 3950 maturi
809 3898 945 3950 connubii.
959 3931 995 3941 —
1008 3901 1064 3953 Nec
1078 3900 1195 3976 longum.

147 3977 314 4050 lapitbeona
326 3997 337 4038 ,·
368 3976 442 4050 quod
462 3994 554 4028 verum
577 3988 654 4050 putat
696 3975 1029 4048 ldest,tempustrunsiit.
1045 3978 1198 4050 -Etpul-

148 4057 278 4111 barthius.
298 4087 335 4098 -·
351 4058 416 4129 Reg.
435 4059 468 4124 D,
492 4057 655 4131 Confunderc
698 4053 1010 4110 cberAlathreas.Natus
1023 4057 1200 4127 esthliusqui

149 4139 252 4205 ardet,
263 4156 340 4210 puer.
359 4137 522 4208 lapithaonc
538 4135 655 4210 praeben
699 4137 767 4207 patri
778 4135 913 4188 crescendi
929 4137 1062 4190 eeleritate
1076 4153 1148 4208 paene
1163 4153 1198 4184 ar-

149 4221 211 4292 Reg.
222 4219 261 4284 C,
277 4218 431 4289 lapiteone.
442 4215 655 4270 lin-Puerum
701 4233 807 4288 quasue
822 4228 868 4268 est.
889 4219 1013 4270 Lucrina.

1025 4305 1055 4366 3.
