3284 5162
399 585 465 676 376
634 590 667 654 r.
693 589 729 652 r.
755 589 909 656 srlru
933 587 1208 655 ruaasrnos

490 719 566 782 Nou
577 715 700 784 desunt
710 719 779 810 regi
790 719 945 785 comites:
964 719 1080 798 «Sine,
1093 719 1215 786 moenia
1227 714 1339 808 pulset

443 827 579 893 Irritus:
595 825 650 893 ille
662 843 775 894 autem
787 826 901 894 fractis
912 825 979 894 buc
990 826 1113 893 audeat
1125 849 1235 920 usque

325 941 331 950 ’
443 936 665 1004 Viribusihic
674 939 804 1005 miseris
816 937 911 1005 furor
922 953 973 1005 est
984 939 1107 1006 instare
1120 935 1263 1028 periclo,

444 1051 513 1115 Nec
524 1046 647 1114 librare
657 1063 830 1130 metus,et
841 1061 914 1114 tuta
925 1045 1054 1116 odisse:
1069 1049 1187 1114 resiste
1394 1057 1462 1111 260·

444 1162 516 1227 Hoc
529 1158 633 1226 fretus
646 1159 745 1228 solio:
759 1182 821 1226 nos
833 1159 1107 1252 propulsabimus
1124 1157 1268 1226 hostem.

445 1274 513 1338 Hos
526 1267 778 1362 bellarejube.»
795 1273 846 1338 Sic
859 1273 1010 1363 proxima
1021 1270 1136 1350 turba3
1150 1269 1209 1338 sed
1221 1267 1342 1336 ardens

444 1384 529 1450 Ecce
540 1379 1004 1476 aderatluctn‚dicturusqne
1015 1383 1128 1449 omnia
1140 1378 1223 1446 belli

446 1490 612 1559 Libertate
623 1495 731 1560 Creon
744 1518 750 1559 :
765 1495 832 1558 urit
842 1491 913 1559 fera
924 1490 1025 1559 corda
1037 1497 1246 1558 Menoeceus:

446 1603 546 1670 Nulla
557 1607 642 1696 patri
655 1606 802 1699 requies:
816 1603 912 1671 illum
924 1606 1127 1698 quaeritque,
1141 1621 1309 1697 tenetque.
1391 1611 1442 1667 265

418 1723 423 1732 '
447 1713 546 1780 Illum
560 1717 761 1807 sanguineos
773 1713 975 1806 proflantem
986 1730 1121 1805 pectore
1135 1716 1224 1780 rivos

445 1821 595 1916 Adspicit
607 1840 640 1890 et
650 1848 738 1892 saeva
750 1847 883 1915 semper
893 1823 936 1891 de
948 1842 1040 1891 turre
1053 1823 1240 1891 cadentem.

446 1937 493 2001 Ut
504 1932 661 2018 dubium,
673 1954 707 2003 et
717 1959 847 2028 pugnas
860 1951 1074 2003 cunctantem
1088 1934 1242 2002 Eteoclea
1253 1931 1352 2001 vidit:

430 2101 435 2116 .
500 2045 590 2113 «Ibis
595 2049 802 2141 ,ait,neque
814 2060 847 2114 te
858 2043 1239 2140 ulterius,fratrumque
1251 2043 1446 2139 ducumque

401 2231 903 2304 Exstimulstafamemugitibusarmen·
985 2231 1043 2286 261.
1060 2232 1207 2304 Hocfretru
1215 2232 1288 2286 solio.
1298 2233 1381 2302 liegg.
1392 2233 1448 2283 Bet

401 2321 498 2361 torum.
508 2333 519 2356 υ
531 2310 582 2364 Sed
590 2311 653 2363 nibil
662 2312 826 2364 mutandum.
836 2313 902 2364 Sunt
947 2315 982 2380 C,
994 2315 1046 2366 Hic
1054 2316 1139 2385 fretur
1149 2311 1214 2368 solio
1225 2313 1357 2366 exhibent.
1377 2311 1424 2362 Eo.

401 2391 471 2441 enim
482 2391 578 2456 vacce,
592 2405 618 2442 et
630 2410 683 2443 non
695 2391 788 2458 valles,
799 2390 832 2443 de
841 2393 900 2462 qui·
985 2395 1044 2446 262.
1063 2395 1118 2448 Hos
1132 2393 1306 2465 bellarejube.
1324 2391 1378 2444 Nos
1393 2388 1448 2442 tet-

401 2468 591 2540 busprtecipnc
601 2474 668 2522 tauri
677 2474 746 2523 inter
756 2489 784 2524 se
794 2485 904 2523 couten-
948 2472 1084 2545 larejuber
1098 2475 1178 2541 Lenq.
1194 2471 1291 2524 liuslid.
1304 2472 1372 2522 Dru.
1391 2470 1448 2520 rur.

402 2545 902 2621 dunt.-At‚quiregnatinvnllibur‚
949 2551 1052 2605 Behott.
1071 2570 1093 2612 ι,
1114 2571 1145 2614 s,
1165 2551 1243 2604 Aldd.
1264 2548 1341 2600 Basil.
1364 2547 1448 2598 Plant.

401 2629 590 2683 vaccasbabet.
598 2633 666 2684 Bene
673 2635 753 2701 igitur
761 2629 847 2684 valles.
857 2635 902 2684 En.
948 2632 1024 2682 Cruc.
1041 2645 1067 2683 et
1080 2631 1183 2681 Gevart.
1202 2631 1258 2682 Hos
1275 2625 1369 2678 bellare
1374 2625 1450 2698 jubes

440 2713 499 2781 257.
522 2713 582 2764 Non
605 2713 696 2766 dnum
716 2713 770 2786 regi
789 2714 901 2765 comites.
948 2711 1028 2760 tacite
1043 2711 1147 2780 scripsit
1160 2709 1324 2771 Gronovius,
1336 2721 1450 2776 eumque

402 2791 466 2842 Non
480 2791 569 2842 derunt
583 2792 656 2863 requi
669 2791 783 2860 Lipsiae.
795 2792 903 2844 -Non
949 2791 1032 2840 secuti
1054 2802 1115 2839 sunt
1134 2789 1228 2840 Deum.
1251 2799 1276 2838 et
1296 2783 1393 2854 Delpb.
1414 2809 1451 2822 -

402 2868 493 2920 desunt
505 2872 558 2941 reqi
573 2871 685 2924 comites.
700 2870 783 2921 Notat
802 2870 903 2940 signate
948 2870 1029 2938 Reqq.
1041 2869 1060 2918 B
1070 2881 1096 2920 ct
1105 2869 1139 2934 C,
1149 2869 1203 2920 Nos
1213 2864 1308 2918 tettan
1308 2865 1372 2935 jube
1381 2879 1450 2934 prz-

404 2947 469 2999 sulre
487 2948 533 3000 illa
552 2951 699 3020 mancipia,
720 2948 818 3019 quibus
839 2947 904 3000 nihil
949 2941 1020 2996 bent.
1041 2947 1130 2996 En-
1143 2943 1267 2996 Proxima
1287 2941 1368 2996 turba.
1385 2943 1451 2991 Pro-

403 3028 486 3094 magis
494 3028 633 3094 familiare,
644 3046 722 3100 quam
734 3028 903 3078 omuiaPrin-
949 3042 1021 3076 ceres
1033 3024 1116 3092 lleqni
1129 3035 1155 3074 et
1165 3024 1243 3074 amici
1256 3022 1330 3092 regii.

404 3105 903 3176 cipumsivehonesta‚sireinbonestu‚
986 3102 1045 3155 263.
1064 3105 1096 3154 E.
1118 3123 1143 3154 a.
1166 3101 1184 3154 l.
1205 3103 1247 3175 eq.
1270 3098 1358 3154 omnia
1379 3098 1449 3152 belli.

402 3182 522 3236 laudare.
541 3189 719 3256 ¹Perpetuum
737 3185 835 3236 malurn
854 3185 904 3236 lle·
948 3183 1007 3234 Put.
1022 3183 1111 3234 omina
1130 3181 1206 3241 leui,-
1226 3179 1299 3253 quod
1317 3197 1451 3251 reponen-

403 3283 465 3334 gum
483 3263 581 3334 (Curtii
596 3266 676 3318 verba
695 3264 770 3333 sunt)
790 3283 903 3336 quorum
949 3261 1011 3312 dum
1023 3275 1098 3332 putet
1107 3261 1326 3332 lindenbrogius.
1336 3289 1372 3298 -
1382 3255 1452 3310 Belli

292 3359 299 3368 ·
404 3359 469 3413 opes
479 3342 903 3413 stepiusassentatioquambostis
951 3341 1072 3393 libertate.
1086 3345 1114 3393 ln
1130 3359 1194 3413 pace
1207 3359 1260 3392 non
1275 3340 1375 3392 laturus
1391 3351 1451 3390 tan·

404 3423 505 3475 evertit.
519 3445 530 3470 ι
547 3423 767 3486 verissimam,
783 3441 840 3493 qure
854 3424 906 3475 uti·
950 3435 1003 3474 tem
1018 3421 1144 3492 loquendi
1163 3421 1311 3473 libertatem
1331 3422 1450 3489 impune.

403 3519 467 3552 nam
487 3514 612 3572 personet
635 3519 712 3554 aures
734 3503 904 3573 magnatum!
950 3503 1028 3552 Ratio
1037 3500 1115 3568 hujus
1125 3499 1252 3552 libertatis
1263 3511 1317 3550 est:
1331 3498 1393 3548 Non
1405 3513 1451 3546 ttu-

404 3582 531 3632 Basssar.
543 3581 659 3645 -Sine,
672 3579 767 3631 munia
775 3579 905 3650 pulsetlr·
951 3579 1029 3632 debat
1039 3581 1177 3631 Creontem
1189 3579 1224 3630 ob
1237 3592 1289 3631 tem
1299 3575 1382 3628 libera
1394 3593 1452 3626 ree·

403 3659 476 3712 ritus.
482 3657 647 3710 Membratim
657 3660 706 3709 ista
714 3657 824 3726 legenda
833 3672 904 3725 sunt,
949 3658 984 3710 ba
996 3659 1143 3711 interficere
1155 3657 1289 3723 Eteocles,
1302 3675 1336 3707 ne
1346 3653 1450 3706 occulta

404 3735 906 3789 utrideantnramultissatellitibusdi·
950 3737 1079 3790 hactenus
1090 3737 1233 3789 multorum
1243 3739 1269 3787 iu
1282 3753 1310 3787 ae
1321 3734 1380 3785 odia
1394 3751 1452 3786 sus·

404 3814 905 3888 cimitalteriursit:sinemoeuiapul-
950 3820 1062 3880 citaret,
1087 3829 1112 3868 et
1138 3833 1277 3884 erumpere
1300 3815 1400 3866 faceret
1423 3814 1452 3865 in

403 3905 440 3946 set
457 3894 555 3946 Irritus.
571 3892 780 3945 attentavero:
797 3893 844 3946 ille
857 3915 906 3945 art·
950 3895 1129 3967 propatulum.
1145 3897 1283 3946 Neminem
1299 3895 1367 3944 enim
1385 3892 1453 3944 lete-

404 3984 456 4024 tem
465 3973 560 4044 fractis
571 3973 621 4024 buc
632 3975 725 4026 audeat
737 3973 773 4025 ire
787 3975 907 4028 Viribus?
950 3975 996 4026 bat
1010 3973 1144 4044 perfidiam
1160 3976 1216 4041 ejus
1232 3974 1350 4024 omnium
1363 3973 1453 4042 patris.-
1556 4017 1559 4022 .

403 4052 519 4105 Alterius
533 4055 610 4104 item:
625 4052 667 4104 bic
672 4052 753 4122 furor
762 4063 799 4104 est
810 4055 907 4106 miseris
951 4051 1080 4105 malorum
1095 4071 1201 4104 causam
1216 4070 1282 4104 esse.
1302 4052 1397 4103 Basra.

405 4131 498 4184 instare
507 4131 616 4202 periclo.
635 4132 764 4183 Lscrsrtr.
988 4131 1046 4200 ²69.
1067 4131 1131 4193 Itis,
1144 4132 1195 4195 nit,
1207 4148 1287 4202 neque
1300 4141 1323 4180 te
1333 4129 1453 4192 alteritu,

442 4210 500 4262 260.
524 4211 580 4260 Nec
602 4209 703 4261 librare.
727 4208 788 4260 Non
816 4207 907 4260 librare
944 4209 1108 4280 fratrumque
1119 4210 1271 4281 durumque.
1285 4208 1356 4260 ldern
1369 4206 1454 4259 codex

405 4286 524 4339 nonnulli
539 4285 618 4339 codd.
634 4286 831 4356 lindenbrogii.
952 4287 1055 4339 exbibet
1065 4308 1070 4338 :
1077 4287 1242 4360 fiouemque
1253 4286 1405 4360 ducemque.
1418 4315 1455 4328 -
