3194 5156
583 565 727 632 monn
752 565 799 632 11.
1152 563 1217 657 573

210 694 585 784 Fortibus,autoampo
597 685 1035 783 majoreexercitavirtus.»

211 807 362 900 Adspicit
375 801 734 896 intentum,vigilique
746 800 820 870 baeo
829 800 1113 885 aurebibentem,
1170 832 1218 870 120

210 926 325 1008 Quum
335 933 481 1012 paveant
494 915 583 999 alim,
596 913 810 1009 demissaque
822 913 951 982 lumina
961 912 1113 1000 flectant,

210 1039 320 1128 Atque
331 1034 448 1100 iteret:
467 1029 652 1124 «Quisquis
665 1029 799 1120 proavis
811 1041 845 1095 et
856 1043 955 1120 gente
967 1027 1151 1120 superbus,

212 1144 372 1237 Quisquis
383 1165 471 1238 equo
479 1137 661 1233 jaculoque
674 1153 812 1230 potens,
826 1139 885 1230 qui
896 1135 1058 1230 praevalet
1067 1163 1166 1223 arcu,

211 1257 329 1325 Omnis
342 1253 450 1321 honos
462 1250 530 1320 illio
542 1278 550 1318 ε
563 1249 633 1318 illic
643 1251 790 1341 ingentia
802 1263 932 1318 certant

154 1405 161 1422 ι
215 1366 380 1432 Nomina:
396 1359 587 1431 virtimidae
600 1360 1102 1450 matres,vixagminaoessant
1170 1375 1218 1428 125

211 1477 368 1566 Virginea
382 1499 390 1540 ι
403 1471 457 1541 hio
469 1470 616 1539 multum
627 1469 758 1538 steriles
771 1469 949 1538 damnatus
963 1472 997 1538 in
1009 1493 1134 1553 annos,

212 1587 413 1678 invisusque
425 1585 520 1665 Deis,
533 1584 560 1650 si
573 1605 676 1676 quem
688 1579 762 1648 haec
773 1603 860 1648 novo
873 1577 976 1672 gloria
991 1603 1130 1673 segnem

212 1697 381 1763 Praeterit:
399 1726 413 1756 r
430 1697 554 1766 exisset
567 1694 695 1774 stratis,
708 1693 774 1760 nisi
785 1689 926 1784 provida
940 1692 1037 1783 signo

212 1804 385 1872 Deidamia
398 1802 492 1886 dato,
506 1819 644 1870 cunctas
656 1800 788 1869 hortata
800 1823 933 1868 sorores

212 1919 380 2012 Liquisset
390 1939 523 1984 mensas
533 1967 542 1998 ,
554 1917 665 2007 ipsum
678 1911 873 2005 complexa:
888 1908 947 1979 sed
958 1910 1065 1982 haeret
1170 1926 1220 1979 130

212 2030 407 2120 Respiciens
420 2025 590 2109 Ithacum,
605 2042 761 2120 coetuque
772 2025 977 2093 novissimus
989 2025 1067 2091 exit.

206 2282 263 2337 ¹¹9·
274 2253 400 2335 Foitr'bn,
411 2277 459 2320 ant
469 2284 562 2338 compo
574 2267 672 2336 majore
716 2263 794 2316 midoe
813 2275 912 2317 cessant
922 2274 972 2316 ont
988 2264 1096 2336 agmina
1116 2275 1219 2320 matres.

167 2348 278 2399 exercita
289 2348 376 2400 virtus.
388 2349 469 2417 Lang.
480 2346 595 2418 Lipsian.
607 2364 672 2398 non·
715 2345 761 2396 Eo.
772 2373 808 2383 -
823 2343 934 2396 Timidoe
944 2353 1038 2396 metm
1049 2358 1153 2398 tenant.
1170 2348 1220 2399 Vix

166 2425 234 2479 nulli
244 2427 430 2497 lindenbrogii
445 2439 470 2478 et
480 2429 583 2478 Venett.
600 2425 673 2478 baud
716 2422 875 2475 cohibentur
890 2424 955 2493 ipse
970 2423 1093 2478 mulieres
1110 2427 1173 2497 quin
1191 2429 1219 2479 in

167 2524 260 2580 campo
270 2507 386 2560 meliore.
396 2536 431 2546 —
442 2505 509 2558 Vide
523 2523 583 2577 pag.
602 2506 670 2571 588,
714 2500 813 2556 bollum
828 2513 915 2554 ruant.
928 2503 1050 2556 Baistor.

167 2595 232 2636 tom.
246 2585 332 2638 Istat.
755 2580 811 2633 126.
827 2582 952 2654 Virginea
964 2605 972 2635 =
988 2583 1030 2634 tic
1043 2582 1156 2636 mulum
1170 2596 1221 2639 sto·

207 2683 264 2717 roo.
286 2667 312 2720 V
311 2663 419 2739 ipib'qroe
436 2665 490 2717 hoeo
512 2682 574 2718 oure
587 2664 670 2718 biben-
714 2662 774 2714 n'les
784 2663 958 2715 damnatum
968 2681 1060 2716 annos.
1071 2665 1134 2736 Ποῦ.
1146 2665 1220 2718 Bbo·

168 2755 229 2796 tm.
251 2747 427 2816 Propertius:
450 2745 582 2816 «Incipe,
610 2761 670 2795 sus·
714 2744 776 2809 bat,
800 2743 927 2816 Virginea
943 2766 952 2795 .-
971 2742 1086 2795 multnm
1106 2746 1220 2811 steriles,-

166 2827 256 2898 pensis
269 2825 377 2878 auribus
390 2830 437 2878 ista
447 2824 548 2878 bibam.
559 2848 571 2871 ι
586 2827 670 2877 Hora·
713 2825 778 2893 Reg.
793 2824 815 2876 G
829 2821 947 2875 eamdem
962 2821 1023 2875 leot.
1042 2823 1089 2874 Eo.
1099 2853 1136 2866 -
1145 2825 1221 2878 Mat

166 2908 235 2960 tius:
248 2929 260 2952 ι
268 2905 318 2958 Sed
326 2908 410 2975 magis
420 2910 524 2978 Pugnae
531 2919 556 2957 et
564 2918 670 2957 exactos
715 2912 770 2954 tum
781 2902 886 2955 steriles.
895 2899 1065 2954 Abominatio
1075 2917 1101 2955 ot
1108 2903 1220 2957 devota·

166 2997 293 3056 tyrannos
314 2985 432 3037 Densum
456 2982 572 3038 humeris
602 2982 671 3036 bibit
717 2982 1220 3056 tioejoo‚qnivirtit‚etnonaoqaatur

168 3064 371 3135 aurevuigus.»
714 3061 787 3114 hune
809 3063 968 3124 exercitum
995 3061 1094 3116 seilicet
1115 3077 1145 3116 ot
1170 3083 1220 3118 noo

207 3163 264 3197 ηπ.
277 3146 311 3195 A.
324 3163 346 3196 e.
361 3165 387 3216 q.
396 3142 502 3215 proavis
511 3151 620 3214 etpente
630 3160 671 3194 sn-
715 3160 810 3206 senex,
820 3161 870 3194 neo
881 3143 986 3213 juvenis
997 3141 1145 3215 quidquam
1154 3145 1220 3197 boni

166 3225 267 3297 perdas.
280 3225 406 3294 qutime
417 3222 477 3274 libri
488 3221 558 3274 duo:
565 3221 671 3295 proavis
716 3241 747 3273 ex
770 3240 802 3274 eo
824 3239 942 3293 unquam
963 3225 1048 3292 possit
1070 3227 1219 3294 provenire.

167 3315 193 3355 et
206 3315 308 3364 mente,·
322 3321 354 3356 ne
369 3301 439 3354 idem
452 3301 558 3354 dicar..
575 3301 670 3354 Btssn.
715 3300 831 3374 Obiiqoe
855 3316 943 3354 autem
964 3305 1054 3355 omnia
1071 3303 1220 3377 diriguntur

167 3386 274 3453 -Reg
284 3386 304 3436 B
316 3383 431 3455 prabet,
443 3382 559 3454 quisquis
567 3380 672 3452 proavis
716 3381 751 3434 ad
762 3401 868 3435 sensum
877 3380 996 3433 Achillis.
1007 3382 1099 3436 Sonos.
1109 3387 1173 3438 Ver.
1183 3415 1221 3428 -

168 3465 416 3537 etqrntenrperba‚·
433 3463 496 3532 Reg.
513 3463 534 3513 C
554 3474 673 3513 nostram
716 3462 814 3512 Noster
832 3459 917 3512 'l'heb-
944 3461 995 3528 IV,
1023 3461 1080 3514 183.
1105 3465 1219 3518 ultimo,

168 3543 230 3595 leot.
248 3546 293 3594 En.
306 3571 343 3583 -
359 3542 480 3614 Quisquis
498 3540 611 3611 proavis.
626 3540 672 3592 At·
716 3540 855 3613 Tbamyria
872 3539 1014 3593 damnatus
1026 3541 1054 3592 in
1068 3559 1152 3596 annot
1165 3547 1219 3598 Oro

167 3621 248 3674 tende
264 3635 377 3674 astutam
393 3622 672 3672 commemorationem
717 3621 826 3676 simui.-

169 3702 248 3754 simul
260 3716 286 3755 et
298 3703 502 3774 promissionem
520 3698 669 3750 bonorum:
754 3700 812 3754 ηδ.
829 3701 860 3753 Ρ.
875 3718 896 3752 e.
914 3719 932 3753 s.
950 3700 1002 3754 niti
1012 3701 1121 3773 prouida
1134 3706 1218 3779 siquo.

167 3799 260 3834 sensus
270 3785 339 3834 enirn
350 3794 389 3832 est
399 3801 405 3830 ι
415 3781 444 3831 in
454 3778 504 3830 bae
514 3777 620 3849 quidem
630 3795 673 3830 ex·
715 3782 771 3850 lieg
782 3780 803 3829 B
814 3791 840 3831 et
852 3779 908 3850 lieg
918 3777 939 3830 C
948 3777 1063 3845 babent,
1076 3782 1106 3833 ni
1109 3783 1219 3852 provido

168 3861 303 3932 peditione
311 3860 419 3913 eximius
427 3858 514 3911 honos
523 3854 672 3923 exhibetur,
715 3857 798 3932 signo.
807 3887 845 3897 -
854 3858 1053 3911 Exinetstratis.
1063 3862 1154 3927 Turio,
1166 3864 1220 3934 qoi-

167 3957 218 4010 pro
231 3959 262 3992 ea
273 3958 325 4012 quo
340 3939 452 4010 quisque
465 3938 562 3988 virtute
575 3935 672 4008 prodi·
715 3935 766 3988 buo
779 3934 890 3988 sedebat
899 3934 934 3987 ad
946 3953 1073 3987 mensem.
1086 3937 1191 3990 Maron.

168 4031 211 4070 tus
223 4032 269 4070 est.
285 4021 408 4071 Butram«.
754 4015 812 4067 130.
827 4013 976 4086 Complexo.
993 4014 1097 4067 Scilicet
1103 4019 1221 4089 jungen-

208 4101 267 4153 125.
278 4101 314 4153 N.
325 4121 349 4152 v.
362 4111 380 4151 t.
391 4117 427 4150 m.
438 4099 482 4150 uix
495 4096 604 4170 agmina
617 4115 671 4150 oer-
716 4093 753 4148 do
768 4095 864 4161 alnes,
884 4111 915 4148 ut
937 4109 1063 4167 tanquam
1085 4097 1219 4171 hospitem

168 4192 236 4234 sont.
253 4180 349 4250 nega
365 4177 487 4243 exbibet,
500 4189 547 4230 aut
564 4177 672 4250 agmina
715 4174 874 4242 honoraret,
891 4175 1073 4250 praeberetque
1092 4181 1218 4234 animum.

169 4269 266 4310 eoram
279 4279 288 4320 ,·
304 4257 403 4328 Rege
425 4258 562 4311 Nomiaor
581 4255 625 4308 vix
638 4256 672 4308 n·-
715 4256 853 4310 -Hoeren
866 4256 997 4308 Firmator
1007 4255 1130 4310 Achilles.
1148 4261 1217 4313 Mar.
