<?xml version="1.0" encoding="UTF-8"?>
<!DOCTYPE html PUBLIC "-//W3C//DTD XHTML 1.0 Transitional//EN"
    "http://www.w3.org/TR/xhtml1/DTD/xhtml1-transitional.dtd">
<html xmlns="http://www.w3.org/1999/xhtml" xml:lang="en" lang="en">
 <head>
  <title>
</title>
<meta http-equiv="Content-Type" content="text/html;charset=utf-8" />
  <meta name='ocr-system' content='tesseract 3.04.00' />
  <meta name='ocr-capabilities' content='ocr_page ocr_carea ocr_par ocr_line ocrx_word'/>
</head>
<body>
  <div class='ocr_page' id='page_1' title='image "./libriquinquesil00statgoog_0234.png"; bbox 0 0 3264 5166; ppageno 0'>
   <div class='ocr_carea' id='block_1_1' title="bbox 589 503 1224 577">
    <p class='ocr_par' dir='ltr' id='par_1_1' title="bbox 589 503 1224 577">
     <span class='ocr_line' id='line_1_1' title="bbox 589 503 1224 577; baseline 0.002 -11"><span class='ocrx_word' id='word_1_1' title='bbox 589 503 730 568; x_wconf 79' lang='lat' dir='ltr'>LIBER</span> <span class='ocrx_word' id='word_1_2' title='bbox 757 505 816 568; x_wconf 79' lang='lat' dir='ltr'><strong>tx.</strong></span> <span class='ocrx_word' id='word_1_3' title='bbox 1159 509 1224 577; x_wconf 75' lang='lat'><strong>225</strong></span> 
     </span>
    </p>
   </div>
   <div class='ocr_carea' id='block_1_2' title="bbox 222 627 1237 1944">
    <p class='ocr_par' dir='ltr' id='par_1_2' title="bbox 222 627 1226 835">
     <span class='ocr_line' id='line_1_2' title="bbox 222 627 1226 725; baseline 0.005 -27"><span class='ocrx_word' id='word_1_4' title='bbox 222 628 395 723; x_wconf 80' lang='lat' dir='ltr'><strong>Abrupere</strong></span> <span class='ocrx_word' id='word_1_5' title='bbox 406 627 496 698; x_wconf 90' lang='lat' dir='ltr'><strong>oculi</strong></span> <span class='ocrx_word' id='word_1_6' title='bbox 508 645 662 713; x_wconf 87' lang='lat' dir='ltr'><strong>noctem,</strong></span> <span class='ocrx_word' id='word_1_7' title='bbox 676 645 865 725; x_wconf 85' lang='lat' dir='ltr'><strong>moestoque</strong></span> <span class='ocrx_word' id='word_1_8' title='bbox 876 631 979 700; x_wconf 87' lang='lat' dir='ltr'><strong>cubili</strong></span> <span class='ocrx_word' id='word_1_9' title='bbox 1154 649 1157 658; x_wconf 81' lang='grc'><em>’</em></span> <span class='ocrx_word' id='word_1_10' title='bbox 1173 650 1226 704; x_wconf 74' lang='lat' dir='ltr'><strong>too</strong></span> 
     </span>
     <span class='ocr_line' id='line_1_3' title="bbox 223 739 991 835; baseline 0.005 -27"><span class='ocrx_word' id='word_1_11' title='bbox 223 739 358 824; x_wconf 87' lang='lat' dir='ltr'><strong>Exsilit,</strong></span> <span class='ocrx_word' id='word_1_12' title='bbox 371 756 405 808; x_wconf 88' lang='lat' dir='ltr'><strong>et</strong></span> <span class='ocrx_word' id='word_1_13' title='bbox 416 739 521 808; x_wconf 86' lang='lat' dir='ltr'><strong>falsos</strong></span> <span class='ocrx_word' id='word_1_14' title='bbox 534 744 656 835; x_wconf 77' lang='lat' dir='ltr'><strong>quaerit</strong></span> <span class='ocrx_word' id='word_1_15' title='bbox 666 766 727 834; x_wconf 88' lang='lat' dir='ltr'><strong>per</strong></span> <span class='ocrx_word' id='word_1_16' title='bbox 738 741 868 810; x_wconf 88' lang='lat' dir='ltr'><strong>lumina</strong></span> <span class='ocrx_word' id='word_1_17' title='bbox 880 741 991 812; x_wconf 84' lang='lat' dir='ltr'><strong>fletus.</strong></span> 
     </span>
    </p>

    <p class='ocr_par' dir='ltr' id='par_1_3' title="bbox 224 851 1100 1158">
     <span class='ocr_line' id='line_1_4' title="bbox 271 851 1100 946; baseline 0.007 -28"><span class='ocrx_word' id='word_1_18' title='bbox 271 855 361 944; x_wconf 79' lang='lat' dir='ltr'><strong>Ergo</strong></span> <span class='ocrx_word' id='word_1_19' title='bbox 373 853 457 918; x_wconf 91' lang='lat' dir='ltr'><strong>utin</strong></span> <span class='ocrx_word' id='word_1_20' title='bbox 470 873 570 918; x_wconf 86' lang='lat' dir='ltr'><strong>amne</strong></span> <span class='ocrx_word' id='word_1_21' title='bbox 582 851 678 918; x_wconf 86' lang='lat' dir='ltr'><strong>nefas</strong></span> <span class='ocrx_word' id='word_1_22' title='bbox 689 875 803 920; x_wconf 86' lang='lat' dir='ltr'><strong>merso</strong></span> <span class='ocrx_word' id='word_1_23' title='bbox 814 867 866 919; x_wconf 87' lang='lat' dir='ltr'><strong>ter</strong></span> <span class='ocrx_word' id='word_1_24' title='bbox 877 853 970 920; x_wconf 87' lang='lat' dir='ltr'><strong>crine</strong></span> <span class='ocrx_word' id='word_1_25' title='bbox 981 855 1100 946; x_wconf 87' lang='lat' dir='ltr'><strong>piavit,</strong></span> 
     </span>
     <span class='ocr_line' id='line_1_5' title="bbox 224 961 1000 1057; baseline 0.008 -29"><span class='ocrx_word' id='word_1_26' title='bbox 224 961 403 1057; x_wconf 79' lang='lat' dir='ltr'>Verbaque</span> <span class='ocrx_word' id='word_1_27' title='bbox 414 962 574 1032; x_wconf 88' lang='lat' dir='ltr'><strong>sollicitus</strong></span> <span class='ocrx_word' id='word_1_28' title='bbox 586 979 734 1030; x_wconf 87' lang='lat' dir='ltr'><strong>matrum</strong></span> <span class='ocrx_word' id='word_1_29' title='bbox 747 963 890 1031; x_wconf 80' lang='lat' dir='ltr'><strong>solantia</strong></span> <span class='ocrx_word' id='word_1_30' title='bbox 902 987 1000 1034; x_wconf 84' lang='lat' dir='ltr'><strong>curas</strong></span> 
     </span>
     <span class='ocr_line' id='line_1_6' title="bbox 225 1072 958 1158; baseline 0.004 -17"><span class='ocrx_word' id='word_1_31' title='bbox 225 1073 376 1157; x_wconf 80' lang='lat' dir='ltr'><strong>Addidit,</strong></span> <span class='ocrx_word' id='word_1_32' title='bbox 389 1090 528 1142; x_wconf 84' lang='lat' dir='ltr'><strong>ormatae</strong></span> <span class='ocrx_word' id='word_1_33' title='bbox 539 1075 608 1142; x_wconf 92' lang='lat' dir='ltr'><strong>ruit</strong></span> <span class='ocrx_word' id='word_1_34' title='bbox 619 1073 662 1142; x_wconf 85' lang='lat' dir='ltr'><strong>ad</strong></span> <span class='ocrx_word' id='word_1_35' title='bbox 674 1072 816 1142; x_wconf 88' lang='lat' dir='ltr'><strong>delubra</strong></span> <span class='ocrx_word' id='word_1_36' title='bbox 827 1077 958 1158; x_wconf 84' lang='lat' dir='ltr'><strong>Dianae,</strong></span> 
     </span>
    </p>

    <p class='ocr_par' dir='ltr' id='par_1_4' title="bbox 226 1184 1231 1503">
     <span class='ocr_line' id='line_1_7' title="bbox 226 1184 1231 1281; baseline 0.007 -28"><span class='ocrx_word' id='word_1_37' title='bbox 226 1191 313 1253; x_wconf 88' lang='lat' dir='ltr'><strong>Rore</strong></span> <span class='ocrx_word' id='word_1_38' title='bbox 326 1184 390 1255; x_wconf 87' lang='lat' dir='ltr'><strong>sub</strong></span> <span class='ocrx_word' id='word_1_39' title='bbox 402 1189 667 1281; x_wconf 85' lang='lat' dir='ltr'><strong>Eoo,notasque</strong></span> <span class='ocrx_word' id='word_1_40' title='bbox 679 1211 720 1254; x_wconf 86' lang='lat' dir='ltr'><strong>ex</strong></span> <span class='ocrx_word' id='word_1_41' title='bbox 732 1186 850 1256; x_wconf 86' lang='lat' dir='ltr'><strong>ordine</strong></span> <span class='ocrx_word' id='word_1_42' title='bbox 862 1186 982 1268; x_wconf 88' lang='lat' dir='ltr'><strong>silvas,</strong></span> <span class='ocrx_word' id='word_1_43' title='bbox 1179 1207 1231 1260; x_wconf 77' lang='lat'><strong>605</strong></span> 
     </span>
     <span class='ocr_line' id='line_1_8' title="bbox 226 1297 1023 1392; baseline 0.004 -29"><span class='ocrx_word' id='word_1_44' title='bbox 226 1302 269 1365; x_wconf 91' lang='lat' dir='ltr'><strong>Et</strong></span> <span class='ocrx_word' id='word_1_45' title='bbox 280 1322 446 1392; x_wconf 89' lang='lat' dir='ltr'><strong>quercum</strong></span> <span class='ocrx_word' id='word_1_46' title='bbox 459 1299 572 1390; x_wconf 75' lang='lat' dir='ltr'><strong>gavisa</strong></span> <span class='ocrx_word' id='word_1_47' title='bbox 583 1297 675 1365; x_wconf 83' lang='lat' dir='ltr'><strong>videt</strong></span> <span class='ocrx_word' id='word_1_48' title='bbox 687 1324 695 1364; x_wconf 75' lang='grc' dir='ltr'>ε</span> <span class='ocrx_word' id='word_1_49' title='bbox 707 1313 789 1365; x_wconf 91' lang='lat' dir='ltr'><strong>tunc</strong></span> <span class='ocrx_word' id='word_1_50' title='bbox 801 1297 917 1366; x_wconf 89' lang='lat' dir='ltr'><strong>limine</strong></span> <span class='ocrx_word' id='word_1_51' title='bbox 929 1301 1023 1366; x_wconf 88' lang='lat' dir='ltr'><strong>Divae</strong></span> 
     </span>
     <span class='ocr_line' id='line_1_9' title="bbox 227 1406 1013 1503; baseline -0.001 -27"><span class='ocrx_word' id='word_1_52' title='bbox 227 1406 377 1490; x_wconf 78' lang='lat' dir='ltr'><strong>Adstitit,</strong></span> <span class='ocrx_word' id='word_1_53' title='bbox 391 1425 424 1476; x_wconf 89' lang='lat' dir='ltr'><strong>et</strong></span> <span class='ocrx_word' id='word_1_54' title='bbox 434 1407 493 1476; x_wconf 89' lang='lat' dir='ltr'><strong>tali</strong></span> <span class='ocrx_word' id='word_1_55' title='bbox 505 1411 733 1503; x_wconf 81' lang='lat' dir='ltr'><strong>nequicquam</strong></span> <span class='ocrx_word' id='word_1_56' title='bbox 744 1431 828 1477; x_wconf 85' lang='lat' dir='ltr'><strong>voce</strong></span> <span class='ocrx_word' id='word_1_57' title='bbox 840 1425 1013 1502; x_wconf 79' lang='lat' dir='ltr'><strong>precatur:</strong></span> 
     </span>
    </p>

    <p class='ocr_par' dir='ltr' id='par_1_5' title="bbox 228 1517 1237 1944">
     <span class='ocr_line' id='line_1_10' title="bbox 278 1517 1177 1616; baseline 0.016 -38"><span class='ocrx_word' id='word_1_58' title='bbox 278 1519 406 1611; x_wconf 71' lang='lat' dir='ltr'><strong>«Virgo</strong></span> <span class='ocrx_word' id='word_1_59' title='bbox 418 1535 538 1610; x_wconf 86' lang='lat' dir='ltr'><strong>potens</strong></span> <span class='ocrx_word' id='word_1_60' title='bbox 550 1525 747 1598; x_wconf 88' lang='lat' dir='ltr'><strong>nemorum,</strong></span> <span class='ocrx_word' id='word_1_61' title='bbox 761 1517 859 1610; x_wconf 88' lang='lat' dir='ltr'><strong>cujus</strong></span> <span class='ocrx_word' id='word_1_62' title='bbox 873 1543 943 1588; x_wconf 91' lang='lat' dir='ltr'><strong>non</strong></span> <span class='ocrx_word' id='word_1_63' title='bbox 955 1521 1071 1589; x_wconf 85' lang='lat' dir='ltr'><strong>mollia</strong></span> <span class='ocrx_word' id='word_1_64' title='bbox 1082 1525 1177 1616; x_wconf 74' lang='lat' dir='ltr'><strong>signa</strong></span> 
     </span>
     <span class='ocr_line' id='line_1_11' title="bbox 228 1627 1154 1726; baseline 0.004 -30"><span class='ocrx_word' id='word_1_65' title='bbox 228 1627 451 1722; x_wconf 87' lang='lat' dir='ltr'><strong>Militiamque</strong></span> <span class='ocrx_word' id='word_1_66' title='bbox 462 1645 611 1710; x_wconf 81' lang='lat' dir='ltr'><strong>trucem,</strong></span> <span class='ocrx_word' id='word_1_67' title='bbox 625 1651 744 1696; x_wconf 86' lang='lat' dir='ltr'><strong>sexum</strong></span> <span class='ocrx_word' id='word_1_68' title='bbox 757 1629 949 1722; x_wconf 80' lang='lat' dir='ltr'><strong>indignata,</strong></span> <span class='ocrx_word' id='word_1_69' title='bbox 961 1631 1154 1726; x_wconf 88' lang='lat' dir='ltr'><strong>frequento,</strong></span> 
     </span>
     <span class='ocr_line' id='line_1_12' title="bbox 228 1739 1237 1834; baseline 0.006 -27"><span class='ocrx_word' id='word_1_70' title='bbox 228 1744 324 1810; x_wconf 88' lang='lat' dir='ltr'><strong>More</strong></span> <span class='ocrx_word' id='word_1_71' title='bbox 335 1739 420 1808; x_wconf 86' lang='lat' dir='ltr'><strong>nihil</strong></span> <span class='ocrx_word' id='word_1_72' title='bbox 431 1743 627 1824; x_wconf 82' lang='lat' dir='ltr'><strong>Grai03nec</strong></span> <span class='ocrx_word' id='word_1_73' title='bbox 638 1758 672 1807; x_wconf 90' lang='lat' dir='ltr'><strong>te</strong></span> <span class='ocrx_word' id='word_1_74' title='bbox 685 1764 767 1832; x_wconf 77' lang='lat' dir='ltr'><strong>gens</strong></span> <span class='ocrx_word' id='word_1_75' title='bbox 779 1765 898 1834; x_wconf 87' lang='lat' dir='ltr'><strong>aspera</strong></span> <span class='ocrx_word' id='word_1_76' title='bbox 910 1746 979 1810; x_wconf 90' lang='lat' dir='ltr'><strong>ritu</strong></span> <span class='ocrx_word' id='word_1_77' title='bbox 1182 1761 1237 1813; x_wconf 83' lang='grc' dir='ltr'><strong>6ιο</strong></span> 
     </span>
     <span class='ocr_line' id='line_1_13' title="bbox 228 1849 1060 1944; baseline 0.002 -26"><span class='ocrx_word' id='word_1_78' title='bbox 228 1849 376 1934; x_wconf 86' lang='lat' dir='ltr'><strong>Colchis,</strong></span> <span class='ocrx_word' id='word_1_79' title='bbox 389 1855 621 1920; x_wconf 83' lang='lat' dir='ltr'><strong>Amazoniaeve</strong></span> <span class='ocrx_word' id='word_1_80' title='bbox 634 1855 740 1944; x_wconf 79' lang='lat' dir='ltr'><strong>magis</strong></span> <span class='ocrx_word' id='word_1_81' title='bbox 753 1851 887 1920; x_wconf 87' lang='lat' dir='ltr'><strong>coluere</strong></span> <span class='ocrx_word' id='word_1_82' title='bbox 900 1869 1060 1921; x_wconf 71' lang='lat' dir='ltr'><strong>catervaez‘</strong></span> 
     </span>
    </p>
   </div>
   <div class='ocr_carea' id='block_1_3' title="bbox 182 2074 1242 4288">
    <p class='ocr_par' dir='ltr' id='par_1_6' title="bbox 182 2074 1242 4288">
     <span class='ocr_line' id='line_1_14' title="bbox 219 2074 1238 2149; baseline 0 -19"><span class='ocrx_word' id='word_1_83' title='bbox 219 2074 689 2147; x_wconf 72' lang='lat' dir='ltr'><strong>600.Atmpmoeuttnocrem.som-</strong></span> <span class='ocrx_word' id='word_1_84' title='bbox 770 2075 1238 2149; x_wconf 63' lang='lat' dir='ltr'><strong>605.SudEoo.Matutinotempore1</strong></span> 
     </span>
     <span class='ocr_line' id='line_1_15' title="bbox 182 2153 1238 2226; baseline 0.002 -20"><span class='ocrx_word' id='word_1_85' title='bbox 182 2173 249 2206; x_wconf 88' lang='lat' dir='ltr'><strong>num</strong></span> <span class='ocrx_word' id='word_1_86' title='bbox 261 2153 334 2206; x_wconf 87' lang='lat' dir='ltr'><strong>oculi</strong></span> <span class='ocrx_word' id='word_1_87' title='bbox 346 2154 500 2224; x_wconf 75' lang='lat' dir='ltr'><strong>evigilantes</strong></span> <span class='ocrx_word' id='word_1_88' title='bbox 512 2153 687 2226; x_wconf 88' lang='lat' dir='ltr'><strong>abruperunt.</strong></span> <span class='ocrx_word' id='word_1_89' title='bbox 734 2153 860 2206; x_wconf 74' lang='lat' dir='ltr'><strong>Lsornr.</strong></span> <span class='ocrx_word' id='word_1_90' title='bbox 871 2183 907 2194; x_wconf 89' lang='lat'>-</span> <span class='ocrx_word' id='word_1_91' title='bbox 916 2155 999 2208; x_wconf 81' lang='lat' dir='ltr'><strong>Notat</strong></span> <span class='ocrx_word' id='word_1_92' title='bbox 1007 2153 1092 2209; x_wconf 79' lang='lat' dir='ltr'><strong>silvas.</strong></span> <span class='ocrx_word' id='word_1_93' title='bbox 1106 2155 1238 2210; x_wconf 79' lang='lat' dir='ltr'><strong>Arborum</strong></span> 
     </span>
     <span class='ocr_line' id='line_1_16' title="bbox 182 2231 1238 2306; baseline 0.001 -20"><span class='ocrx_word' id='word_1_94' title='bbox 182 2235 299 2287; x_wconf 78' lang='lat' dir='ltr'><strong>Notatio</strong></span> <span class='ocrx_word' id='word_1_95' title='bbox 305 2232 450 2305; x_wconf 71' lang='lat' dir='ltr'><strong>evigilantis</strong></span> <span class='ocrx_word' id='word_1_96' title='bbox 461 2252 516 2286; x_wconf 92' lang='lat' dir='ltr'><strong>non</strong></span> <span class='ocrx_word' id='word_1_97' title='bbox 527 2247 615 2284; x_wconf 85' lang='lat' dir='ltr'><strong>tamen</strong></span> <span class='ocrx_word' id='word_1_98' title='bbox 629 2233 688 2306; x_wconf 90' lang='lat' dir='ltr'><strong>ple·</strong></span> <span class='ocrx_word' id='word_1_99' title='bbox 735 2231 899 2304; x_wconf 69' lang='lat' dir='ltr'><strong>singularum</strong></span> <span class='ocrx_word' id='word_1_100' title='bbox 909 2234 1030 2286; x_wconf 85' lang='lat' dir='ltr'><strong>notitiam</strong></span> <span class='ocrx_word' id='word_1_101' title='bbox 1042 2232 1167 2287; x_wconf 78' lang='lat' dir='ltr'><strong>adscribit</strong></span> <span class='ocrx_word' id='word_1_102' title='bbox 1176 2237 1238 2288; x_wconf 76' lang='lat' dir='ltr'><strong>Ate·</strong></span> 
     </span>
     <span class='ocr_line' id='line_1_17' title="bbox 182 2310 1239 2386; baseline 0.001 -21"><span class='ocrx_word' id='word_1_103' title='bbox 182 2332 228 2365; x_wconf 82' lang='lat' dir='ltr'><strong>na.</strong></span> <span class='ocrx_word' id='word_1_104' title='bbox 241 2313 303 2364; x_wconf 84' lang='lat' dir='ltr'><strong>Non</strong></span> <span class='ocrx_word' id='word_1_105' title='bbox 317 2313 390 2364; x_wconf 88' lang='lat' dir='ltr'><strong>enirn</strong></span> <span class='ocrx_word' id='word_1_106' title='bbox 403 2330 507 2383; x_wconf 85' lang='lat' dir='ltr'><strong>semper</strong></span> <span class='ocrx_word' id='word_1_107' title='bbox 521 2312 611 2378; x_wconf 84' lang='lat' dir='ltr'><strong>oculi,</strong></span> <span class='ocrx_word' id='word_1_108' title='bbox 625 2311 689 2364; x_wconf 83' lang='lat' dir='ltr'><strong>dunt</strong></span> <span class='ocrx_word' id='word_1_109' title='bbox 735 2310 827 2377; x_wconf 75' lang='lat' dir='ltr'><strong>lantre,</strong></span> <span class='ocrx_word' id='word_1_110' title='bbox 843 2329 909 2382; x_wconf 80' lang='lat' dir='ltr'><strong>quat</strong></span> <span class='ocrx_word' id='word_1_111' title='bbox 921 2330 1004 2383; x_wconf 87' lang='lat' dir='ltr'><strong>quum</strong></span> <span class='ocrx_word' id='word_1_112' title='bbox 1016 2325 1149 2380; x_wconf 83' lang='lat' dir='ltr'><strong>recenset,</strong></span> <span class='ocrx_word' id='word_1_113' title='bbox 1162 2333 1239 2386; x_wconf 87' lang='lat' dir='ltr'><strong>qner-</strong></span> 
     </span>
     <span class='ocr_line' id='line_1_18' title="bbox 184 2389 1212 2466; baseline -0.002 -20"><span class='ocrx_word' id='word_1_114' title='bbox 184 2395 360 2466; x_wconf 79' lang='lat' dir='ltr'><strong>speriuntnr,</strong></span> <span class='ocrx_word' id='word_1_115' title='bbox 387 2410 511 2444; x_wconf 83' lang='lat' dir='ltr'><strong>somnam</strong></span> <span class='ocrx_word' id='word_1_116' title='bbox 534 2393 688 2444; x_wconf 81' lang='lat' dir='ltr'><strong>excutiant:</strong></span> <span class='ocrx_word' id='word_1_117' title='bbox 735 2393 887 2443; x_wconf 78' lang='lat' dir='ltr'><strong>remetiens</strong></span> <span class='ocrx_word' id='word_1_118' title='bbox 899 2407 975 2443; x_wconf 85' lang='lat' dir='ltr'><strong>snam</strong></span> <span class='ocrx_word' id='word_1_119' title='bbox 987 2389 1094 2443; x_wconf 70' lang='lat' dir='ltr'><strong>illesam</strong></span> <span class='ocrx_word' id='word_1_120' title='bbox 1106 2393 1212 2462; x_wconf 84' lang='lat' dir='ltr'><strong>reperit.</strong></span> 
     </span>
     <span class='ocr_line' id='line_1_19' title="bbox 182 2467 1238 2543; baseline 0 -19"><span class='ocrx_word' id='word_1_121' title='bbox 182 2473 333 2527; x_wconf 80' lang='lat' dir='ltr'><strong>uidebimus</strong></span> <span class='ocrx_word' id='word_1_122' title='bbox 352 2475 422 2525; x_wconf 90' lang='lat' dir='ltr'><strong>enim</strong></span> <span class='ocrx_word' id='word_1_123' title='bbox 443 2471 509 2524; x_wconf 86' lang='lat' dir='ltr'><strong>alios</strong></span> <span class='ocrx_word' id='word_1_124' title='bbox 529 2471 688 2543; x_wconf 84' lang='lat' dir='ltr'><strong>profundius</strong></span> <span class='ocrx_word' id='word_1_125' title='bbox 770 2467 832 2523; x_wconf 84' lang='grc'>606.</span> <span class='ocrx_word' id='word_1_126' title='bbox 853 2471 887 2523; x_wconf 81' lang='lat' dir='ltr'><strong>Et</strong></span> <span class='ocrx_word' id='word_1_127' title='bbox 905 2487 1028 2543; x_wconf 77' lang='lat' dir='ltr'><strong>quercum</strong></span> <span class='ocrx_word' id='word_1_128' title='bbox 1044 2471 1134 2543; x_wconf 71' lang='lat' dir='ltr'><strong>pavita</strong></span> <span class='ocrx_word' id='word_1_129' title='bbox 1154 2472 1238 2524; x_wconf 73' lang='lat' dir='ltr'><strong>videt:</strong></span> 
     </span>
     <span class='ocr_line' id='line_1_20' title="bbox 183 2549 1238 2624; baseline -0.002 -20"><span class='ocrx_word' id='word_1_130' title='bbox 183 2551 319 2616; x_wconf 87' lang='lat' dir='ltr'><strong>dormire,</strong></span> <span class='ocrx_word' id='word_1_131' title='bbox 344 2553 391 2624; x_wconf 89' lang='lat' dir='ltr'><strong>qui</strong></span> <span class='ocrx_word' id='word_1_132' title='bbox 415 2552 513 2622; x_wconf 82' lang='lat' dir='ltr'><strong>apertis</strong></span> <span class='ocrx_word' id='word_1_133' title='bbox 535 2549 620 2602; x_wconf 85' lang='lat' dir='ltr'><strong>oculis</strong></span> <span class='ocrx_word' id='word_1_134' title='bbox 641 2569 690 2603; x_wconf 92' lang='lat' dir='ltr'><strong>ne·</strong></span> <span class='ocrx_word' id='word_1_135' title='bbox 735 2559 796 2600; x_wconf 82' lang='lat' dir='ltr'><strong>tunc</strong></span> <span class='ocrx_word' id='word_1_136' title='bbox 813 2549 906 2601; x_wconf 80' lang='lat' dir='ltr'><strong>limine</strong></span> <span class='ocrx_word' id='word_1_137' title='bbox 919 2550 1003 2602; x_wconf 74' lang='lat' dir='ltr'><strong>Divo.</strong></span> <span class='ocrx_word' id='word_1_138' title='bbox 1022 2552 1085 2621; x_wconf 71' lang='lat' dir='ltr'><strong>Rrp.</strong></span> <span class='ocrx_word' id='word_1_139' title='bbox 1106 2549 1238 2618; x_wconf 70' lang='lat' dir='ltr'><strong>chaber,</strong></span> 
     </span>
     <span class='ocr_line' id='line_1_21' title="bbox 183 2626 1237 2702; baseline -0.001 -20"><span class='ocrx_word' id='word_1_140' title='bbox 183 2634 273 2686; x_wconf 86' lang='lat' dir='ltr'><strong>sciunt</strong></span> <span class='ocrx_word' id='word_1_141' title='bbox 286 2631 364 2686; x_wconf 85' lang='lat' dir='ltr'><strong>diem.</strong></span> <span class='ocrx_word' id='word_1_142' title='bbox 380 2633 438 2683; x_wconf 90' lang='lat' dir='ltr'><strong>Vet.</strong></span> <span class='ocrx_word' id='word_1_143' title='bbox 453 2629 541 2685; x_wconf 82' lang='lat' dir='ltr'><strong>schol.</strong></span> <span class='ocrx_word' id='word_1_144' title='bbox 576 2641 580 2650; x_wconf 84' lang='grc'><em>·</em></span> <span class='ocrx_word' id='word_1_145' title='bbox 734 2626 766 2678; x_wconf 82' lang='grc' dir='ltr'><strong>Ε.</strong></span> <span class='ocrx_word' id='word_1_146' title='bbox 782 2646 807 2699; x_wconf 79' lang='lat' dir='ltr'><strong>q.</strong></span> <span class='ocrx_word' id='word_1_147' title='bbox 820 2646 847 2700; x_wconf 77' lang='lat'><strong>9.</strong></span> <span class='ocrx_word' id='word_1_148' title='bbox 861 2647 886 2678; x_wconf 88' lang='lat' dir='ltr'><strong>v.</strong></span> <span class='ocrx_word' id='word_1_149' title='bbox 899 2637 961 2678; x_wconf 81' lang='lat' dir='ltr'><strong>tunc</strong></span> <span class='ocrx_word' id='word_1_150' title='bbox 972 2627 1065 2680; x_wconf 81' lang='lat' dir='ltr'><strong>limine</strong></span> <span class='ocrx_word' id='word_1_151' title='bbox 1075 2629 1161 2691; x_wconf 75' lang='lat' dir='ltr'><strong>Dirc,-</strong></span> <span class='ocrx_word' id='word_1_152' title='bbox 1172 2631 1237 2702; x_wconf 70' lang='lat' dir='ltr'><strong>neg.</strong></span> 
     </span>
     <span class='ocr_line' id='line_1_22' title="bbox 220 2708 1236 2784; baseline -0.003 -20"><span class='ocrx_word' id='word_1_153' title='bbox 220 2711 283 2764; x_wconf 79' lang='lat'>601.</span> <span class='ocrx_word' id='word_1_154' title='bbox 304 2710 400 2778; x_wconf 82' lang='lat' dir='ltr'><strong>Quoert&#39;t</strong></span> <span class='ocrx_word' id='word_1_155' title='bbox 421 2727 470 2782; x_wconf 84' lang='lat' dir='ltr'><strong>per</strong></span> <span class='ocrx_word' id='word_1_156' title='bbox 492 2708 602 2762; x_wconf 83' lang='lat' dir='ltr'><strong>lumina.</strong></span> <span class='ocrx_word' id='word_1_157' title='bbox 626 2709 687 2784; x_wconf 80' lang='lat' dir='ltr'><strong>Non</strong></span> <span class='ocrx_word' id='word_1_158' title='bbox 733 2709 755 2758; x_wconf 90' lang='lat' dir='ltr'>C</span> <span class='ocrx_word' id='word_1_159' title='bbox 775 2724 893 2761; x_wconf 84' lang='lat' dir='ltr'><strong>nostram</strong></span> <span class='ocrx_word' id='word_1_160' title='bbox 914 2709 975 2761; x_wconf 87' lang='lat' dir='ltr'><strong>lect.</strong></span> <span class='ocrx_word' id='word_1_161' title='bbox 996 2709 1044 2760; x_wconf 87' lang='lat' dir='ltr'><strong>En.</strong></span> <span class='ocrx_word' id='word_1_162' title='bbox 1063 2737 1099 2747; x_wconf 92' lang='lat'><em>-</em></span> <span class='ocrx_word' id='word_1_163' title='bbox 1115 2709 1236 2779; x_wconf 77' lang='lat' dir='ltr'><strong>Quercus.</strong></span> 
     </span>
     <span class='ocr_line' id='line_1_23' title="bbox 184 2786 1237 2859; baseline -0.002 -17"><span class='ocrx_word' id='word_1_164' title='bbox 184 2791 255 2842; x_wconf 84' lang='lat' dir='ltr'><strong>enirn</strong></span> <span class='ocrx_word' id='word_1_165' title='bbox 272 2807 337 2840; x_wconf 73' lang='lat' dir='ltr'><strong>verm</strong></span> <span class='ocrx_word' id='word_1_166' title='bbox 351 2790 457 2840; x_wconf 81' lang='lat' dir='ltr'><strong>fuerant</strong></span> <span class='ocrx_word' id='word_1_167' title='bbox 472 2788 600 2854; x_wconf 74' lang='lat' dir='ltr'><strong>lacrimae,</strong></span> <span class='ocrx_word' id='word_1_168' title='bbox 614 2787 690 2840; x_wconf 89' lang='lat' dir='ltr'><strong>ideo·</strong></span> <span class='ocrx_word' id='word_1_169' title='bbox 735 2786 822 2854; x_wconf 81' lang='lat' dir='ltr'><strong>Quem</strong></span> <span class='ocrx_word' id='word_1_170' title='bbox 842 2788 942 2840; x_wconf 81' lang='lat' dir='ltr'><strong>viderat</strong></span> <span class='ocrx_word' id='word_1_171' title='bbox 965 2789 1045 2840; x_wconf 82' lang='lat' dir='ltr'><strong>fuisse</strong></span> <span class='ocrx_word' id='word_1_172' title='bbox 1066 2790 1237 2859; x_wconf 56' lang='lat' dir='ltr'><strong>praescissam,</strong></span> 
     </span>
     <span class='ocr_line' id='line_1_24' title="bbox 183 2866 1237 2941; baseline -0.001 -20"><span class='ocrx_word' id='word_1_173' title='bbox 183 2888 239 2941; x_wconf 85' lang='lat' dir='ltr'><strong>que</strong></span> <span class='ocrx_word' id='word_1_174' title='bbox 256 2869 337 2922; x_wconf 73' lang='lat' dir='ltr'><strong>falsos</strong></span> <span class='ocrx_word' id='word_1_175' title='bbox 356 2869 433 2921; x_wconf 87' lang='lat' dir='ltr'><strong>lletus</strong></span> <span class='ocrx_word' id='word_1_176' title='bbox 451 2869 543 2940; x_wconf 78' lang='lat' dir='ltr'><strong>qnaerit</strong></span> <span class='ocrx_word' id='word_1_177' title='bbox 561 2885 644 2919; x_wconf 87' lang='lat' dir='ltr'><strong>manu</strong></span> <span class='ocrx_word' id='word_1_178' title='bbox 661 2869 689 2919; x_wconf 89' lang='lat' dir='ltr'><strong>in</strong></span> <span class='ocrx_word' id='word_1_179' title='bbox 771 2866 831 2918; x_wconf 88' lang='lat'><strong>608.</strong></span> <span class='ocrx_word' id='word_1_180' title='bbox 851 2868 941 2940; x_wconf 57' lang='lat' dir='ltr'><strong>Sipha.</strong></span> <span class='ocrx_word' id='word_1_181' title='bbox 958 2867 1100 2933; x_wconf 72' lang='lat' dir='ltr'><strong>Venatoris</strong></span> <span class='ocrx_word' id='word_1_182' title='bbox 1115 2868 1237 2939; x_wconf 67' lang='lat' dir='ltr'><strong>insignia.</strong></span> 
     </span>
     <span class='ocr_line' id='line_1_25' title="bbox 184 2944 1239 3018; baseline -0.001 -18"><span class='ocrx_word' id='word_1_183' title='bbox 184 2949 290 3016; x_wconf 79' lang='lat' dir='ltr'><strong>ocubs,</strong></span> <span class='ocrx_word' id='word_1_184' title='bbox 301 2967 353 3001; x_wconf 87' lang='lat' dir='ltr'><strong>nec</strong></span> <span class='ocrx_word' id='word_1_185' title='bbox 366 2967 411 3002; x_wconf 85' lang='lat' dir='ltr'><strong>eos</strong></span> <span class='ocrx_word' id='word_1_186' title='bbox 424 2950 533 3001; x_wconf 80' lang='lat' dir='ltr'><strong>invenit.</strong></span> <span class='ocrx_word' id='word_1_187' title='bbox 771 2944 830 3014; x_wconf 82' lang='lat'>609.</span> <span class='ocrx_word' id='word_1_188' title='bbox 843 2945 1239 3018; x_wconf 67' lang='lat' dir='ltr'><strong>MilitiamquetntcmSicyo·</strong></span> 
     </span>
     <span class='ocr_line' id='line_1_26' title="bbox 221 3024 1239 3102; baseline -0.003 -21"><span class='ocrx_word' id='word_1_189' title='bbox 221 3027 690 3102; x_wconf 63' lang='lat' dir='ltr'><strong>eosttrqoottnamnenesarmem</strong></span> <span class='ocrx_word' id='word_1_190' title='bbox 735 3024 1239 3082; x_wconf 78' lang='lat' dir='ltr'><strong>catVenntionem.EratetmilitiaVe-</strong></span> 
     </span>
     <span class='ocr_line' id='line_1_27' title="bbox 184 3102 1239 3183; baseline -0.004 -21"><span class='ocrx_word' id='word_1_191' title='bbox 184 3120 226 3162; x_wconf 76' lang='lat' dir='ltr'><strong>ter</strong></span> <span class='ocrx_word' id='word_1_192' title='bbox 234 3109 305 3162; x_wconf 83' lang='lat' dir='ltr'><strong>crine</strong></span> <span class='ocrx_word' id='word_1_193' title='bbox 312 3109 405 3180; x_wconf 80' lang='lat' dir='ltr'><strong>piavit.</strong></span> <span class='ocrx_word' id='word_1_194' title='bbox 413 3109 483 3183; x_wconf 75' lang='lat' dir='ltr'><strong>Erqo</strong></span> <span class='ocrx_word' id='word_1_195' title='bbox 491 3118 521 3159; x_wconf 87' lang='lat' dir='ltr'><strong>ut</strong></span> <span class='ocrx_word' id='word_1_196' title='bbox 529 3105 691 3177; x_wconf 78' lang='lat' dir='ltr'><strong>inanenefas</strong></span> <span class='ocrx_word' id='word_1_197' title='bbox 736 3102 814 3168; x_wconf 81' lang='lat' dir='ltr'><strong>neris,</strong></span> <span class='ocrx_word' id='word_1_198' title='bbox 826 3115 856 3154; x_wconf 89' lang='lat' dir='ltr'><strong>ut</strong></span> <span class='ocrx_word' id='word_1_199' title='bbox 865 3116 892 3154; x_wconf 88' lang='lat' dir='ltr'><strong>ct</strong></span> <span class='ocrx_word' id='word_1_200' title='bbox 901 3103 999 3154; x_wconf 63' lang='lat' dir='ltr'><strong>niano.</strong></span> <span class='ocrx_word' id='word_1_201' title='bbox 1010 3104 1137 3156; x_wconf 73' lang='lat' dir='ltr'><strong>Horatius</strong></span> <span class='ocrx_word' id='word_1_202' title='bbox 1145 3103 1180 3156; x_wconf 84' lang='lat' dir='ltr'><strong>nd</strong></span> <span class='ocrx_word' id='word_1_203' title='bbox 1188 3107 1239 3158; x_wconf 84' lang='lat' dir='ltr'><strong>Ve-</strong></span> 
     </span>
     <span class='ocr_line' id='line_1_28' title="bbox 184 3183 1238 3260; baseline -0.004 -17"><span class='ocrx_word' id='word_1_204' title='bbox 184 3207 277 3242; x_wconf 83' lang='lat' dir='ltr'><strong>omnes</strong></span> <span class='ocrx_word' id='word_1_205' title='bbox 286 3188 343 3240; x_wconf 82' lang='lat' dir='ltr'><strong>fere</strong></span> <span class='ocrx_word' id='word_1_206' title='bbox 353 3186 429 3239; x_wconf 89' lang='lat' dir='ltr'><strong>codd.</strong></span> <span class='ocrx_word' id='word_1_207' title='bbox 441 3197 467 3240; x_wconf 90' lang='lat' dir='ltr'><strong>et</strong></span> <span class='ocrx_word' id='word_1_208' title='bbox 477 3185 536 3240; x_wconf 90' lang='lat' dir='ltr'><strong>edd.</strong></span> <span class='ocrx_word' id='word_1_209' title='bbox 546 3200 610 3238; x_wconf 82' lang='lat' dir='ltr'><strong>vett.</strong></span> <span class='ocrx_word' id='word_1_210' title='bbox 619 3187 690 3259; x_wconf 70' lang='lat' dir='ltr'><strong>Erpa</strong></span> <span class='ocrx_word' id='word_1_211' title='bbox 735 3201 842 3251; x_wconf 82' lang='lat' dir='ltr'><strong>nerent,</strong></span> <span class='ocrx_word' id='word_1_212' title='bbox 861 3183 907 3234; x_wconf 88' lang='lat' dir='ltr'><strong>lib.</strong></span> <span class='ocrx_word' id='word_1_213' title='bbox 926 3183 976 3248; x_wconf 90' lang='lat' dir='ltr'><strong>lll,</strong></span> <span class='ocrx_word' id='word_1_214' title='bbox 999 3183 1049 3236; x_wconf 72' lang='lat'><strong>16:</strong></span> <span class='ocrx_word' id='word_1_215' title='bbox 1071 3183 1144 3238; x_wconf 75' lang='lat' dir='ltr'><strong>-tste</strong></span> <span class='ocrx_word' id='word_1_216' title='bbox 1162 3188 1238 3260; x_wconf 66' lang='lat' dir='ltr'><strong>signa</strong></span> 
     </span>
     <span class='ocr_line' id='line_1_29' title="bbox 182 3260 1009 3339; baseline -0.013 -18"><span class='ocrx_word' id='word_1_217' title='bbox 182 3278 217 3322; x_wconf 77' lang='lat' dir='ltr'><strong>ut</strong></span> <span class='ocrx_word' id='word_1_218' title='bbox 234 3268 262 3320; x_wconf 88' lang='lat' dir='ltr'><strong>irt</strong></span> <span class='ocrx_word' id='word_1_219' title='bbox 281 3285 359 3319; x_wconf 85' lang='lat' dir='ltr'><strong>amne</strong></span> <span class='ocrx_word' id='word_1_220' title='bbox 376 3267 449 3337; x_wconf 76' lang='lat' dir='ltr'><strong>nefas</strong></span> <span class='ocrx_word' id='word_1_221' title='bbox 467 3267 583 3339; x_wconf 86' lang='lat' dir='ltr'><strong>optimus</strong></span> <span class='ocrx_word' id='word_1_222' title='bbox 600 3263 687 3316; x_wconf 82' lang='lat' dir='ltr'><strong>Barth.</strong></span> <span class='ocrx_word' id='word_1_223' title='bbox 734 3260 802 3312; x_wconf 83' lang='lat' dir='ltr'><strong>feret</strong></span> <span class='ocrx_word' id='word_1_224' title='bbox 816 3261 913 3314; x_wconf 78' lang='lat' dir='ltr'><strong>militie</strong></span> <span class='ocrx_word' id='word_1_225' title='bbox 927 3276 1009 3315; x_wconf 73' lang='lat' dir='ltr'><strong>tuae,-</strong></span> 
     </span>
     <span class='ocr_line' id='line_1_30' title="bbox 182 3340 1238 3422; baseline -0.003 -22"><span class='ocrx_word' id='word_1_226' title='bbox 182 3349 256 3422; x_wconf 75' lang='lat' dir='ltr'><strong>Erqa</strong></span> <span class='ocrx_word' id='word_1_227' title='bbox 268 3346 337 3399; x_wconf 83' lang='lat' dir='ltr'><strong>utin</strong></span> <span class='ocrx_word' id='word_1_228' title='bbox 349 3365 428 3397; x_wconf 83' lang='lat' dir='ltr'><strong>amne</strong></span> <span class='ocrx_word' id='word_1_229' title='bbox 439 3345 513 3415; x_wconf 81' lang='lat' dir='ltr'><strong>nefas</strong></span> <span class='ocrx_word' id='word_1_230' title='bbox 523 3343 590 3396; x_wconf 85' lang='lat' dir='ltr'><strong>alins</strong></span> <span class='ocrx_word' id='word_1_231' title='bbox 602 3341 688 3394; x_wconf 81' lang='lat' dir='ltr'><strong>Barth.</strong></span> <span class='ocrx_word' id='word_1_232' title='bbox 770 3340 832 3392; x_wconf 78' lang='lat'>610.</span> <span class='ocrx_word' id='word_1_233' title='bbox 844 3340 920 3392; x_wconf 78' lang='lat' dir='ltr'><strong>More</strong></span> <span class='ocrx_word' id='word_1_234' title='bbox 930 3340 1002 3392; x_wconf 80' lang='lat' dir='ltr'><strong>nibil</strong></span> <span class='ocrx_word' id='word_1_235' title='bbox 1013 3343 1101 3394; x_wconf 83' lang='lat' dir='ltr'><strong>Graio.</strong></span> <span class='ocrx_word' id='word_1_236' title='bbox 1114 3343 1238 3398; x_wconf 75' lang='lat' dir='ltr'><strong>Mulieres</strong></span> 
     </span>
     <span class='ocr_line' id='line_1_31' title="bbox 182 3419 1238 3490; baseline -0.006 -9"><span class='ocrx_word' id='word_1_237' title='bbox 182 3429 276 3481; x_wconf 73' lang='lat' dir='ltr'><strong>lectio</strong></span> <span class='ocrx_word' id='word_1_238' title='bbox 295 3439 385 3482; x_wconf 83' lang='lat' dir='ltr'><strong>nostra</strong></span> <span class='ocrx_word' id='word_1_239' title='bbox 404 3425 516 3478; x_wconf 90' lang='lat' dir='ltr'><strong>debetur</strong></span> <span class='ocrx_word' id='word_1_240' title='bbox 533 3422 644 3475; x_wconf 87' lang='lat' dir='ltr'><strong>Sclrotto</strong></span> <span class='ocrx_word' id='word_1_241' title='bbox 662 3425 690 3474; x_wconf 86' lang='lat' dir='ltr'><strong>in</strong></span> <span class='ocrx_word' id='word_1_242' title='bbox 735 3419 1238 3490; x_wconf 78' lang='lat' dir='ltr'><strong>enimapudGroecosnecvenabantur,</strong></span> 
     </span>
     <span class='ocr_line' id='line_1_32' title="bbox 183 3489 1236 3575; baseline -0.004 -16"><span class='ocrx_word' id='word_1_243' title='bbox 183 3505 266 3560; x_wconf 87' lang='lat' dir='ltr'><strong>Obss.</strong></span> <span class='ocrx_word' id='word_1_244' title='bbox 280 3503 325 3558; x_wconf 92' lang='lat' dir='ltr'><strong>lib.</strong></span> <span class='ocrx_word' id='word_1_245' title='bbox 341 3489 382 3570; x_wconf 85' lang='lat'><strong>11¹,</strong></span> <span class='ocrx_word' id='word_1_246' title='bbox 395 3521 443 3574; x_wconf 84' lang='lat'><strong>29,</strong></span> <span class='ocrx_word' id='word_1_247' title='bbox 458 3501 521 3554; x_wconf 88' lang='lat' dir='ltr'><strong>hinc</strong></span> <span class='ocrx_word' id='word_1_248' title='bbox 533 3513 690 3573; x_wconf 87' lang='lat' dir='ltr'><strong>receperunt</strong></span> <span class='ocrx_word' id='word_1_249' title='bbox 734 3517 785 3550; x_wconf 89' lang='lat' dir='ltr'><strong>nec</strong></span> <span class='ocrx_word' id='word_1_250' title='bbox 805 3513 877 3550; x_wconf 81' lang='lat' dir='ltr'><strong>arma</strong></span> <span class='ocrx_word' id='word_1_251' title='bbox 899 3499 1058 3552; x_wconf 84' lang='lat' dir='ltr'><strong>tractabant.</strong></span> <span class='ocrx_word' id='word_1_252' title='bbox 1076 3530 1112 3540; x_wconf 89' lang='lat'><em>-</em></span> <span class='ocrx_word' id='word_1_253' title='bbox 1129 3501 1236 3575; x_wconf 78' lang='lat' dir='ltr'><strong>Aspera.</strong></span> 
     </span>
     <span class='ocr_line' id='line_1_33' title="bbox 183 3577 1236 3640; baseline -0.005 0"><span class='ocrx_word' id='word_1_254' title='bbox 183 3587 293 3640; x_wconf 78' lang='lat' dir='ltr'><strong>Gerar-t.</strong></span> <span class='ocrx_word' id='word_1_255' title='bbox 311 3586 379 3636; x_wconf 82' lang='lat' dir='ltr'><strong>Dan.</strong></span> <span class='ocrx_word' id='word_1_256' title='bbox 397 3584 519 3636; x_wconf 76' lang='lat' dir='ltr'><strong>Heinsius</strong></span> <span class='ocrx_word' id='word_1_257' title='bbox 539 3584 566 3634; x_wconf 91' lang='lat' dir='ltr'><strong>in</strong></span> <span class='ocrx_word' id='word_1_258' title='bbox 578 3580 688 3633; x_wconf 77' lang='lat' dir='ltr'><strong>Amstel.</strong></span> <span class='ocrx_word' id='word_1_259' title='bbox 733 3579 786 3631; x_wconf 88' lang='lat' dir='ltr'><strong>Ubi</strong></span> <span class='ocrx_word' id='word_1_260' title='bbox 798 3577 1236 3635; x_wconf 82' lang='lat' dir='ltr'><strong>hominesimmolabantursecris.</strong></span> 
     </span>
     <span class='ocr_line' id='line_1_34' title="bbox 183 3659 863 3733; baseline -0.009 -17"><span class='ocrx_word' id='word_1_261' title='bbox 183 3664 303 3717; x_wconf 82' lang='lat' dir='ltr'><strong>Gronov.</strong></span> <span class='ocrx_word' id='word_1_262' title='bbox 316 3661 407 3715; x_wconf 82' lang='lat' dir='ltr'><strong>Rarth.</strong></span> <span class='ocrx_word' id='word_1_263' title='bbox 420 3675 448 3714; x_wconf 84' lang='lat' dir='ltr'><strong>et</strong></span> <span class='ocrx_word' id='word_1_264' title='bbox 459 3659 555 3733; x_wconf 88' lang='lat' dir='ltr'><strong>Delpb.</strong></span> <span class='ocrx_word' id='word_1_265' title='bbox 568 3691 604 3701; x_wconf 95' lang='lat'>-</span> <span class='ocrx_word' id='word_1_266' title='bbox 617 3659 690 3711; x_wconf 81' lang='lat' dir='ltr'><strong>Utin</strong></span> <span class='ocrx_word' id='word_1_267' title='bbox 734 3660 863 3711; x_wconf 74' lang='lat' dir='ltr'><strong>Lacutur.</strong></span> 
     </span>
     <span class='ocr_line' id='line_1_35' title="bbox 183 3737 1240 3814; baseline 0 -18"><span class='ocrx_word' id='word_1_268' title='bbox 183 3762 266 3796; x_wconf 80' lang='lat' dir='ltr'><strong>amne</strong></span> <span class='ocrx_word' id='word_1_269' title='bbox 280 3742 353 3814; x_wconf 80' lang='lat' dir='ltr'><strong>nefas</strong></span> <span class='ocrx_word' id='word_1_270' title='bbox 368 3761 450 3794; x_wconf 77' lang='lat' dir='ltr'><strong>merto</strong></span> <span class='ocrx_word' id='word_1_271' title='bbox 464 3753 502 3793; x_wconf 85' lang='lat' dir='ltr'><strong>ter</strong></span> <span class='ocrx_word' id='word_1_272' title='bbox 513 3741 584 3793; x_wconf 74' lang='lat' dir='ltr'><strong>crim</strong></span> <span class='ocrx_word' id='word_1_273' title='bbox 595 3739 689 3812; x_wconf 72' lang='lat' dir='ltr'><strong>plauit⁴</strong></span> <span class='ocrx_word' id='word_1_274' title='bbox 770 3740 831 3792; x_wconf 86' lang='lat' dir='ltr'><strong>(itt.</strong></span> <span class='ocrx_word' id='word_1_275' title='bbox 849 3737 957 3792; x_wconf 80' lang='lat' dir='ltr'><strong>Colchis.</strong></span> <span class='ocrx_word' id='word_1_276' title='bbox 969 3740 1039 3791; x_wconf 86' lang='lat' dir='ltr'><strong>Dicit</strong></span> <span class='ocrx_word' id='word_1_277' title='bbox 1050 3738 1164 3794; x_wconf 87' lang='lat' dir='ltr'><strong>Colchos</strong></span> <span class='ocrx_word' id='word_1_278' title='bbox 1175 3743 1240 3796; x_wconf 85' lang='lat' dir='ltr'><strong>Dis-</strong></span> 
     </span>
     <span class='ocr_line' id='line_1_36' title="bbox 183 3818 1237 3896; baseline -0.002 -20"><span class='ocrx_word' id='word_1_279' title='bbox 183 3826 238 3878; x_wconf 85' lang='lat' dir='ltr'><strong>Ter</strong></span> <span class='ocrx_word' id='word_1_280' title='bbox 258 3825 366 3896; x_wconf 72' lang='lat' dir='ltr'><strong>pnrgari</strong></span> <span class='ocrx_word' id='word_1_281' title='bbox 384 3823 506 3876; x_wconf 84' lang='lat' dir='ltr'><strong>solebant</strong></span> <span class='ocrx_word' id='word_1_282' title='bbox 523 3823 647 3888; x_wconf 81' lang='lat' dir='ltr'><strong>Veteres,</strong></span> <span class='ocrx_word' id='word_1_283' title='bbox 669 3823 690 3874; x_wconf 89' lang='lat' dir='ltr'><strong>si</strong></span> <span class='ocrx_word' id='word_1_284' title='bbox 734 3837 796 3870; x_wconf 86' lang='lat' dir='ltr'><strong>nam</strong></span> <span class='ocrx_word' id='word_1_285' title='bbox 815 3818 942 3885; x_wconf 87' lang='lat' dir='ltr'><strong>coluisse,</strong></span> <span class='ocrx_word' id='word_1_286' title='bbox 962 3819 1036 3891; x_wconf 89' lang='lat' dir='ltr'><strong>quod</strong></span> <span class='ocrx_word' id='word_1_287' title='bbox 1048 3820 1104 3872; x_wconf 75' lang='lat' dir='ltr'><strong>hec</strong></span> <span class='ocrx_word' id='word_1_288' title='bbox 1121 3823 1237 3876; x_wconf 84' lang='lat' dir='ltr'><strong>confun-</strong></span> 
     </span>
     <span class='ocr_line' id='line_1_37' title="bbox 185 3897 1240 3978; baseline -0.003 -22"><span class='ocrx_word' id='word_1_289' title='bbox 185 3903 441 3978; x_wconf 83' lang='lat' dir='ltr'><strong>qnopiscnloerant</strong></span> <span class='ocrx_word' id='word_1_290' title='bbox 450 3900 559 3973; x_wconf 87' lang='lat' dir='ltr'><strong>polluti,</strong></span> <span class='ocrx_word' id='word_1_291' title='bbox 570 3901 611 3954; x_wconf 86' lang='lat' dir='ltr'><strong>rel</strong></span> <span class='ocrx_word' id='word_1_292' title='bbox 620 3903 690 3973; x_wconf 75' lang='lat' dir='ltr'><strong>igne,</strong></span> <span class='ocrx_word' id='word_1_293' title='bbox 735 3897 814 3950; x_wconf 89' lang='lat' dir='ltr'><strong>datur</strong></span> <span class='ocrx_word' id='word_1_294' title='bbox 824 3916 884 3949; x_wconf 89' lang='lat' dir='ltr'><strong>curn</strong></span> <span class='ocrx_word' id='word_1_295' title='bbox 897 3899 1012 3960; x_wconf 85' lang='lat' dir='ltr'><strong>Hecate,</strong></span> <span class='ocrx_word' id='word_1_296' title='bbox 1024 3917 1082 3970; x_wconf 82' lang='lat' dir='ltr'><strong>quae</strong></span> <span class='ocrx_word' id='word_1_297' title='bbox 1092 3900 1143 3951; x_wconf 86' lang='lat' dir='ltr'><strong>t&#39;uit</strong></span> <span class='ocrx_word' id='word_1_298' title='bbox 1152 3902 1240 3953; x_wconf 85' lang='lat' dir='ltr'><strong>Persei</strong></span> 
     </span>
     <span class='ocr_line' id='line_1_38' title="bbox 183 3976 1238 4053; baseline -0.007 -16"><span class='ocrx_word' id='word_1_299' title='bbox 183 3979 690 4053; x_wconf 80' lang='lat' dir='ltr'><strong>velsullure,velsqna.Videsnbfinem</strong></span> <span class='ocrx_word' id='word_1_300' title='bbox 734 3976 895 4031; x_wconf 83' lang='lat' dir='ltr'><strong>Colchorum</strong></span> <span class='ocrx_word' id='word_1_301' title='bbox 914 3979 982 4048; x_wconf 75' lang='lat' dir='ltr'><strong>regis</strong></span> <span class='ocrx_word' id='word_1_302' title='bbox 999 3977 1069 4041; x_wconf 78' lang='lat' dir='ltr'><strong>filis,</strong></span> <span class='ocrx_word' id='word_1_303' title='bbox 1086 3981 1238 4052; x_wconf 84' lang='lat' dir='ltr'><strong>qno-inter-</strong></span> 
     </span>
     <span class='ocr_line' id='line_1_39' title="bbox 184 4058 1240 4136; baseline -0.008 -20"><span class='ocrx_word' id='word_1_304' title='bbox 184 4063 247 4116; x_wconf 88' lang='lat' dir='ltr'><strong>libri</strong></span> <span class='ocrx_word' id='word_1_305' title='bbox 256 4061 442 4136; x_wconf 78' lang='lat' dir='ltr'><strong>precedentis,</strong></span> <span class='ocrx_word' id='word_1_306' title='bbox 453 4074 480 4114; x_wconf 91' lang='lat' dir='ltr'><strong>et</strong></span> <span class='ocrx_word' id='word_1_307' title='bbox 491 4079 571 4135; x_wconf 87' lang='lat' dir='ltr'><strong>supra</strong></span> <span class='ocrx_word' id='word_1_308' title='bbox 580 4079 617 4113; x_wconf 88' lang='lat' dir='ltr'><strong>vs.</strong></span> <span class='ocrx_word' id='word_1_309' title='bbox 629 4060 689 4130; x_wconf 66' lang='lat'><em>574.</em></span> <span class='ocrx_word' id='word_1_310' title='bbox 737 4070 821 4120; x_wconf 87' lang='lat' dir='ltr'><strong>emto,</strong></span> <span class='ocrx_word' id='word_1_311' title='bbox 832 4069 928 4128; x_wconf 85' lang='lat' dir='ltr'><strong>patruo</strong></span> <span class='ocrx_word' id='word_1_312' title='bbox 938 4058 1017 4109; x_wconf 78' lang='lat' dir='ltr'><strong>AEetre</strong></span> <span class='ocrx_word' id='word_1_313' title='bbox 1027 4059 1132 4129; x_wconf 88' lang='lat' dir='ltr'><strong>nupsit,</strong></span> <span class='ocrx_word' id='word_1_314' title='bbox 1142 4075 1174 4109; x_wconf 77' lang='lat' dir='ltr'><strong>ex</strong></span> <span class='ocrx_word' id='word_1_315' title='bbox 1185 4077 1240 4128; x_wconf 88' lang='lat' dir='ltr'><strong>quo</strong></span> 
     </span>
     <span class='ocr_line' id='line_1_40' title="bbox 224 4135 1240 4209; baseline -0.009 -13"><span class='ocrx_word' id='word_1_316' title='bbox 224 4142 286 4209; x_wconf 73' lang='lat'><strong>604.</strong></span> <span class='ocrx_word' id='word_1_317' title='bbox 306 4141 427 4206; x_wconf 83' lang='lat' dir='ltr'><strong>Addidit,</strong></span> <span class='ocrx_word' id='word_1_318' title='bbox 440 4151 563 4204; x_wconf 76' lang='lat' dir='ltr'><strong>amatu,</strong></span> <span class='ocrx_word' id='word_1_319' title='bbox 575 4151 626 4191; x_wconf 87' lang='lat' dir='ltr'><strong>etc.</strong></span> <span class='ocrx_word' id='word_1_320' title='bbox 638 4139 691 4188; x_wconf 85' lang='lat' dir='ltr'><strong>Ad·</strong></span> <span class='ocrx_word' id='word_1_321' title='bbox 736 4135 858 4188; x_wconf 82' lang='lat' dir='ltr'><strong>Medeam</strong></span> <span class='ocrx_word' id='word_1_322' title='bbox 873 4138 996 4208; x_wconf 82' lang='lat' dir='ltr'><strong>suscepit.</strong></span> <span class='ocrx_word' id='word_1_323' title='bbox 1013 4137 1073 4188; x_wconf 74' lang='lat' dir='ltr'><strong>Herc</strong></span> <span class='ocrx_word' id='word_1_324' title='bbox 1088 4148 1175 4189; x_wconf 84' lang='lat' dir='ltr'><strong>sutem</strong></span> <span class='ocrx_word' id='word_1_325' title='bbox 1189 4138 1240 4187; x_wconf 78' lang='lat' dir='ltr'><strong>luit</strong></span> 
     </span>
     <span class='ocr_line' id='line_1_41' title="bbox 183 4215 1242 4288; baseline -0.006 -14"><span class='ocrx_word' id='word_1_326' title='bbox 183 4221 228 4274; x_wconf 81' lang='lat' dir='ltr'><strong>dit</strong></span> <span class='ocrx_word' id='word_1_327' title='bbox 239 4233 265 4274; x_wconf 75' lang='lat' dir='ltr'><strong>et</strong></span> <span class='ocrx_word' id='word_1_328' title='bbox 278 4231 386 4272; x_wconf 71' lang='lat' dir='ltr'><strong>armata</strong></span> <span class='ocrx_word' id='word_1_329' title='bbox 397 4237 465 4271; x_wconf 85' lang='lat' dir='ltr'><strong>nnus</strong></span> <span class='ocrx_word' id='word_1_330' title='bbox 480 4218 649 4271; x_wconf 84' lang='lat' dir='ltr'><strong>Berthianns.</strong></span> <span class='ocrx_word' id='word_1_331' title='bbox 737 4217 816 4268; x_wconf 82' lang='lat' dir='ltr'><strong>animi</strong></span> <span class='ocrx_word' id='word_1_332' title='bbox 829 4217 908 4288; x_wconf 87' lang='lat' dir='ltr'><strong>plane</strong></span> <span class='ocrx_word' id='word_1_333' title='bbox 920 4215 1015 4278; x_wconf 78' lang='lat' dir='ltr'><strong>virilis,</strong></span> <span class='ocrx_word' id='word_1_334' title='bbox 1027 4216 1176 4280; x_wconf 74' lang='lat' dir='ltr'><strong>venationi,</strong></span> <span class='ocrx_word' id='word_1_335' title='bbox 1189 4233 1242 4268; x_wconf 86' lang='lat' dir='ltr'><strong>nte·</strong></span> 
     </span>
    </p>
   </div>
   <div class='ocr_carea' id='block_1_4' title="bbox 282 4305 1096 4375">
    <p class='ocr_par' dir='ltr' id='par_1_7' title="bbox 282 4305 1096 4375">
     <span class='ocr_line' id='line_1_42' title="bbox 282 4305 1096 4375; baseline -0.011 -1"><span class='ocrx_word' id='word_1_336' title='bbox 282 4311 348 4375; x_wconf 91' lang='grc' dir='ltr'><em>ΙΙΙ.</em></span> <span class='ocrx_word' id='word_1_337' title='bbox 1060 4305 1096 4365; x_wconf 79' lang='lat'><strong>15</strong></span> 
     </span>
    </p>
   </div>
   <div class='ocr_carea' id='block_1_5' title="bbox 0 0 1644 5166">
    <p class='ocr_par' dir='ltr' id='par_1_8' title="bbox 0 0 1644 5166">
     <span class='ocr_line' id='line_1_43' title="bbox 0 0 1644 5166; baseline 0 0"><span class='ocrx_word' id='word_1_338' title='bbox 0 0 1644 5166; x_wconf 95' lang='lat' dir='ltr'><strong> </strong></span> 
     </span>
    </p>
   </div>
  </div>
 </body>
</html>
