3194 5156
580 559 723 624 mana
751 560 797 624 11.
1151 567 1215 657 ⁵75

211 684 408 781 Tranquillo
420 683 484 752 snb
497 706 580 778 pace
592 683 683 767 silet,
699 684 758 754 sed
770 685 874 778 longa
886 693 1007 781 sagaci·

211 801 284 865 Nox
297 795 412 862 Ithaco
425 821 432 860 :
445 795 626 889 lucemque
638 797 746 888 cupit,
760 819 949 891 somnoque
961 817 1128 892 gravatur.

257 906 416 974 Vixdum
428 921 543 974 exorta
557 904 645 987 dies,
660 903 773 999 etjam
785 911 961 977 comitatus
974 917 1099 1005 Agyrta
1169 927 1214 993 145

210 1017 358 1111 Tydides
371 1017 502 1102 aderat,
515 1015 744 1113 praedictaque
756 1015 844 1086 dona
856 1019 995 1088 ferebat.

210 1134 280 1196 Nec
292 1133 404 1198 minus
418 1153 560 1222 egressae
572 1127 729 1196 thalamis
740 1129 914 1224 Scyreides
925 1131 1020 1200 ibant

210 1242 387 1309 Ostentare
399 1239 534 1320 choros,
547 1241 779 1332 promissaque
791 1263 885 1308 saera
900 1243 1056 1312 verendis

212 1346 407 1444 Hospitihus
420 1378 427 1418 :
441 1354 526 1419 nitet
537 1366 614 1417 ante
628 1347 709 1417 alias
722 1355 837 1443 regina
850 1377 1031 1450 comesque

212 1461 485 1557 Pelidesrqualis
499 1460 618 1530 Siculae
630 1459 695 1528 sub
706 1461 848 1554 rupibus
862 1468 967 1532 AEtnae
1118 1490 1123 1502 ¹
1168 1483 1217 1534 150

212 1570 333 1641 Naides
347 1577 489 1642 Ennaeas
501 1575 587 1640 inter
599 1573 721 1654 Diana,
734 1571 896 1670 feroxque

213 1683 338 1767 Pallas,
351 1701 385 1752 et
396 1684 499 1778 Elysii
512 1681 644 1751 lucebat
658 1705 782 1774 sponsa
793 1688 940 1777 tyranni.

204 1857 262 1924 143.
278 1859 355 1910 Pace.
368 1857 420 1910 Alii
434 1857 525 1928 legunt
540 1868 668 1909 nocte.-
713 1875 754 1928 sq.
774 1857 936 1910 «Accelerat
954 1871 1086 1930 praecepta
1108 1861 1215 1928 Venus,

166 1936 264 2011 Lonpa.
278 1937 400 2009 Cupienti
418 1938 498 1988 diem.
511 1937 666 1989 Mirumst.
709 1938 841 2009 jussuque
852 1939 969 2010 parentis
979 1937 1080 2005 Pallas,
1091 1953 1116 1990 et
1126 1940 1215 1992 infelix

205 2016 261 2082 '‘ll-
279 2017 384 2068 Somno.
404 2015 434 2068 ld
450 2029 502 2081 est,
519 2028 612 2080 nocte,
633 2034 667 2067 ne
712 2027 859 2089 terretque
874 2015 984 2068 Maenala
997 2035 1095 2083 cornu,
1108 2017 1215 2070 Addunt

164 2094 313 2146 contrarius
326 2094 377 2146 sibi
393 2095 427 2146 sit
442 2107 543 2146 auctor.
561 2094 666 2144 Maron
713 2097 871 2146 sesomires.
884 2117 895 2142 r
907 2095 1061 2146 Mirantur.
1074 2123 1111 2136 -—
1121 2097 1216 2150 Sicnloe

206 2172 263 2239 145.
288 2173 340 2227 Vix
363 2171 424 2222 dum
446 2180 535 2222 exorta
556 2169 624 2235 dies,
643 2180 669 2221 et
711 2172 808 2224 AEtnoe.
826 2176 903 2226 AEtna
918 2192 994 2226 mons
1009 2173 1118 2241 Siciliae,
1136 2193 1213 2248 quern

162 2258 217 2326 jam
234 2253 372 2306 comitatus
387 2252 494 2324 Apyrta.
512 2251 564 2305 Vix
579 2260 667 2301 exorta
711 2268 796 2323 prope
807 2265 882 2324 rapta
898 2267 937 2304 ess
951 2255 1116 2325 Proserpina.

164 2335 218 2387 dies
235 2335 298 2385 Exc.
315 2333 393 2403 Burg.
409 2334 496 2382 Petar.
512 2360 548 2370 -
563 2332 627 2399 neg.
647 2331 667 2380 B
751 2331 809 2382 152.
831 2331 931 2404 Sponsa
949 2334 1063 2402 tymnni.
1083 2335 1140 2386 Hoc
1157 2348 1215 2402 est,

164 2414 262 2480 habet,
276 2416 373 2487 etjam
391 2412 527 2464 comitatus
548 2409 667 2482 Apyrter
711 2413 869 2485 Proserpina
891 2432 959 2466 uxor
988 2414 1126 2478 Plutonis3
1152 2435 1214 2470 nam

163 2497 227 2566 Reg.
240 2493 385 2547 Ceamdem
397 2491 457 2543 lect.
469 2491 667 2562 Eu-Etjam
711 2489 798 2559 Pluto,
811 2511 892 2564 quum
904 2511 935 2544 ex
946 2492 1039 2546 lnferis
1052 2492 1086 2544 ad
1098 2495 1215 2567 Superos

165 2578 303 2629 comitatus
317 2575 418 2649 Apyrta
436 2571 547 2642 Tydides
561 2570 666 2635 aderat,
711 2589 832 2641 egressus
843 2585 925 2638 esset,
938 2573 1110 2626 fundamenta
1122 2574 1214 2628 Sicilire

164 2669 214 2710 etc.
225 2660 261 2708 Ut
273 2674 352 2728 supra
363 2665 519 2725 preceperat
528 2650 616 2703 Ulixes
627 2669 665 2702 rs.
710 2652 878 2723 inspecturus
887 2656 898 2720 (
905 2671 963 2724 quoe
972 2667 1037 2705 tunc
1047 2653 1157 2725 'l'ypheo
1169 2674 1215 2707 sn·

165 2738 209 2809 47,
231 2739 293 2788 «Tu
311 2749 408 2788 cuncta
425 2745 573 2798 memento,
591 2746 663 2784 eto·
710 2734 910 2803 perimpositam
920 2731 1033 2784 insulam
1043 2732 1158 2803 abjicere
1170 2752 1214 2787 cn·

204 2812 668 2887 147.Necmtnme9renartata-
711 2823 791 2860 nante
822 2809 1034 2880 aperiebantur,
1064 2824 1091 2864 et
1125 2811 1213 2864 lucem

165 2898 214 2952 mis
227 2895 359 2968 Scyreides
370 2896 450 2947 ibant.
467 2893 600 2964 Scyriades
611 2911 667 2944 om·
711 2907 796 2960 usque
811 2888 846 2940 ad
857 2889 959 2941 lnleros
971 2889 1139 2960 mittebant),
1150 2893 1214 2943 Pro-

165 2995 212 3030 nes
220 2978 274 3028 iere
284 2975 399 3026 codd.et
408 2971 469 3025 edd.
478 2985 539 3023 ante
548 2973 665 3023 Gronov.
710 2973 842 3041 serpinarn
854 2973 881 3023 in
898 2971 1004 3042 Campis
1021 2973 1119 3024 AEtneis
1136 2973 1214 3027 flores

164 3059 291 3128 -llegp
304 3059 324 3107 B
339 3067 365 3107 et
381 3054 402 3105 C
418 3056 473 3106 Nec
485 3054 572 3104 minus
585 3069 667 3123 cyres-
710 3049 840 3122 legentem
863 3055 1020 3124 conspexit3
1044 3072 1156 3125 eamque
1179 3055 1213 3108 ad

163 3157 197 3192 soe
214 3138 329 3189 thalamo
345 3132 472 3206 prebent.
490 3133 536 3183 En.
554 3132 665 3201 -Scy-
710 3132 812 3182 Inleros
837 3129 943 3183 ductam
969 3134 1137 3185 matrimonio
1165 3134 1214 3187 sibi

164 3219 251 3271 reides.
270 3214 362 3268 Puellae
384 3215 469 3283 regia.
711 3213 856 3281 conjunxit.
876 3211 982 3264 Solinus
1000 3229 1061 3264 vero
1082 3213 1172 3265 scribit
1186 3217 1214 3267 in

203 3297 252 3364 148
264 3294 441 3365 Promissaque
451 3307 530 3344 sacra.
542 3287 609 3340 Vide
621 3305 666 3340 su·
709 3290 797 3341 Sicilia
811 3309 934 3361 campum
943 3292 1066 3343 AEtneurn
1077 3309 1133 3344 esse
1144 3291 1214 3344 llari·

164 3394 264 3526 ”llil
279 3374 388 3528 lli...
404 3449 550 3503 nnat..
564 3475 601 3488 .-
615 3449 665 3500 0..
710 3367 1162 3522 323.‘.2.3;¹”t‘.2l21.⁰21¹13{tt.3l
1163 3387 1214 3524 {2ss

164 3554 268 3609 mesque
276 3533 387 3587 Pelides.
398 3529 523 3592 Achilles.
711 3529 785 3598 quod
794 3531 881 3582 Ditem
893 3528 1041 3600 adreptum
1051 3534 1212 3604 Proserpina

203 3619 261 3670 150.
280 3614 402 3667 Pelides.-
418 3611 505 3686 qualis
520 3606 608 3662 sieulte
621 3608 666 3662 sub
711 3626 849 3664 exeuntem
857 3611 1210 3666 famaesthabuisselucem:

165 3699 270 3771 rupibus
279 3699 374 3748 AEtnu’.
386 3689 666 3764 Reg.llhabet‚quc-
710 3694 802 3744 omitto
829 3711 887 3763 quor
906 3692 941 3743 ab
960 3692 1096 3759 Eusebio,
1118 3696 1212 3766 Augu-

165 3775 200 3829 les
217 3775 305 3829 siculae
311 3797 321 3837 ,·
339 3775 402 3843 neg.
424 3774 445 3824 C
464 3783 580 3823 nostram
602 3767 663 3819 lect.
710 3772 1212 3838 stiria,etVarronetradunturdePro·

163 3857 210 3907 En.
221 3885 256 3895 -
266 3853 361 3926 Qualis.
373 3855 433 3903 llaec
443 3849 608 3920 comparatio
621 3865 666 3897 su·
711 3851 824 3923 serpina.
834 3851 1097 3922 Berraum—Elysii.
1107 3851 1147 3903 Ab
1155 3853 1213 3926 Ely-

163 3937 244 3987 mitur
254 3935 287 3986 de
297 3919 388 4005 rapina
403 3933 577 4001 Proserpina,
591 3925 665 3998 quod
710 3930 754 3980 siis
767 3931 1032 4002 campis—Sponsa.
1045 3931 1210 4001 Proserpina.

165 4029 284 4087 tempore
302 4033 354 4086 quo
374 4025 449 4082 rapta
469 4023 522 4076 est,
541 4011 665 4080 luppiter
710 4007 792 4060 Addit
811 4011 893 4059 Poeta
914 4009 1076 4079 Proserpina
1101 4011 1210 4062 comites

161 4097 241 4165 jussit
259 4095 353 4145 Venen'
369 4104 394 4144 et
412 4089 513 4142 Palladi
528 4102 554 4140 et
575 4089 665 4140 Dianae
709 4092 821 4142 Dianam
832 4102 856 4142 et
868 4089 1017 4154 Palladem,
1031 4091 1093 4161 quia
1104 4089 1143 4141 hae
1150 4093 1211 4143 Dato

165 4175 257 4228 adesse
274 4174 318 4226 ibi.
337 4172 414 4225 Unde
432 4169 609 4233 Claudianus,
631 4168 664 4221 de
710 4170 746 4222 ilii
759 4169 1042 4241 aderantjussuiovis‚
1056 4187 1138 4239 quom
1149 4173 1212 4222 Pro-

166 4258 244 4329 llapt.
271 4256 389 4325 Proserp.
411 4252 542 4316 xxxin,
565 4267 614 4319 ²²7
637 4249 665 4301 'et
709 4250 815 4320 serpina
826 4265 843 4300 a
857 4247 967 4300 Plutone
979 4259 1053 4318 rapto
1065 4259 1111 4298 est.
