3194 5156
419 466 483 552 ste
632 469 667 531 e.
693 467 729 530 r.
755 464 910 531 sumu
934 462 1256 530 icurnnamos

465 589 681 684 Exsolvitque
692 586 813 656 rudem
826 587 968 680 genitrix
980 585 1130 679 digressa
1140 586 1321 679 pudorem,
1411 599 1462 653 565

465 703 621 770 Protinus
635 699 736 792 elegit
747 701 919 782 comitem,
934 722 1129 793 quanquam
1144 701 1254 767 omnis
1265 695 1407 766 inillam

462 813 578 882 Turba
591 814 672 893 coit,
686 808 877 904 blandeque
888 832 992 877 novas
1005 809 1053 877 nil
1067 808 1133 878 tale
1145 811 1275 877 timenti

464 925 629 994 Admovet
641 922 797 992 insidias:
813 921 905 990 illam
920 923 1153 1016 sequiturque,
1168 922 1356 1015 premitque

465 1035 659 1129 improbus:
673 1033 765 1102 illam
776 1031 882 1102 oculis
896 1035 1085 1127 iterumque
1096 1034 1284 1128 iterumque
1298 1033 1448 1100 resumit.

464 1153 563 1215 Nunc
575 1147 700 1214 nimius
710 1144 806 1212 lateri
817 1167 888 1212 uon
902 1145 1057 1213 evitantis
1069 1142 1233 1212 adhaeret:
1411 1157 1463 1225 570

465 1263 563 1326 Nunc
575 1255 704 1324 levibus
719 1256 833 1338 sertis,
848 1253 953 1346 lapsis
965 1277 1057 1322 nuuc
1068 1271 1188 1346 sponte
1199 1256 1368 1335 canistris,

465 1375 564 1436 Nunc
577 1367 696 1460 thyrso
709 1381 868 1458 parcente
882 1366 973 1432 ferit:
988 1364 1089 1433 modo
1101 1364 1212 1432 dulcia
1224 1382 1311 1433 notae

465 1479 536 1547 Fila
550 1477 647 1570 lyrae,
662 1493 847 1570 tenuesque
859 1473 994 1558 modos,
1010 1489 1044 1542 et
1056 1477 1207 1543 carmina
1218 1489 1384 1544 monstrat
1406 1519 1409 1526 .

464 1588 633 1668 Chironis,
649 1585 809 1680 ducitque
821 1609 975 1666 manum,
989 1584 1178 1681 digitosque
1194 1587 1325 1654 sonanti

466 1697 1290 1792 Infringitcitharaemuncoccupatoracanentis,
1414 1709 1464 1780 575

465 1819 507 1881 Et
518 1813 599 1903 liget
612 1810 804 1904 amplexus,
820 1827 854 1877 et
866 1808 958 1877 mille
972 1833 1034 1901 per
1047 1809 1162 1878 oscula
1176 1808 1302 1878 laudat.

465 1924 528 1992 Illa
541 1923 648 1990 libens
663 1908 777 2003 discit,
791 1944 860 2015 quo
875 1922 998 1987 vertice
1013 1917 1143 2003 Pelion,
1156 1937 1188 1988 et
1204 1922 1279 2015 quis

467 2034 633 2116 AEacides‚
646 2035 810 2128 puerique
821 2032 973 2100 auditum
987 2055 1111 2100 nomen
1124 2051 1157 2100 et
1170 2050 1264 2100 actus

466 2145 608 2215 Assidue
621 2159 749 2236 stupet,
765 2159 798 2212 et
808 2159 1010 2236 praesentem
1022 2159 1133 2210 cantat
1146 2142 1318 2210 Achillem.

467 2264 546 2351 Ipsa
557 2280 692 2352 quoque
705 2274 738 2323 et
750 2252 877 2322 validos
891 2254 1040 2347 proferre
1052 2254 1236 2322 modestius
1250 2271 1358 2337 crtus,
1418 2267 1468 2322 580

457 2420 518 2474 565.
540 2420 717 2492 Exsolvitque.
735 2421 815 2491 Rupit
835 2418 922 2492 pudo·
1002 2417 1062 2490 572.
1079 2419 1179 2492 Thyrea
1195 2431 1325 2493 parcente.
1351 2421 1405 2486 lta,
1431 2419 1470 2469 in-

421 2521 477 2556 rem
491 2503 519 2553 in
536 2499 657 2566 Achille,
671 2497 764 2564 idest,
778 2513 921 2570 postquem
967 2499 1038 2568 quit,
1050 2497 1145 2550 librato
1164 2500 1218 2550 ictu
1236 2495 1424 2570 percutiebat,
1442 2508 1470 2548 ut

421 2580 484 2632 iecit
496 2593 525 2631 nt
534 2577 650 2630 Achillea
664 2576 790 2648 pudorem
805 2575 923 2646 depone-
966 2594 1021 2628 non
1031 2578 1108 2628 nimis
1121 2574 1238 2629 cuderet.

421 2671 470 2710 ret.
479 2687 516 2700 -
526 2655 634 2710 liudem.
648 2657 752 2708 Novum
760 2656 921 2726 etprimum,
1003 2656 1063 2725 574.
1072 2659 1097 2709 C.
1108 2656 1151 2730 dq.
1161 2675 1195 2708 m.
1204 2657 1349 2731 diqitorque
1355 2657 1469 2708 sonanti.

422 2755 501 2810 quem
517 2750 595 2788 antea
610 2737 637 2786 in
652 2733 724 2786 nulla
743 2733 793 2786 alia
815 2733 922 2786 muliera
967 2736 1024 2787 rut.
1038 2735 1180 2810 diqitosque
1190 2737 1313 2789 sonantis.
1329 2765 1365 2775 -
1377 2733 1471 2805 Rege

423 2817 551 2868 caruerat.
565 2817 688 2866 Batraurt.
967 2813 1049 2868 hahet
1060 2813 1129 2867 hanc
1147 2814 1206 2867 leet.
1226 2817 1290 2886 neg.
1307 2815 1470 2867 Gnostram.

459 2896 519 2950 566.
533 2894 667 2948 Comitem.
682 2892 857 2946 Deidamiam.
967 2893 1014 2945 tto.
1028 2923 1062 2933 -
1082 2893 1212 2966 Ducitque
1230 2913 1348 2946 manum.
1370 2893 1473 2966 Supple

459 2973 519 3044 569.
532 2974 557 3026 1.
570 2973 588 3023 i.
605 2991 629 3025 o.
647 2973 682 3046 iq.
695 2973 840 3047 iterumque
855 2991 924 3026 nm·
968 2971 1068 3044 puellae.

423 3055 480 3107 mit.
493 3054 554 3105 Ere.
572 3052 650 3122 Burg.
669 3052 812 3124 iterumque
830 3053 922 3105 mulsit.
1005 3050 1066 3123 575.
1089 3049 1217 3125 Infriuqit
1239 3051 1354 3104 eitharoe.
1369 3049 1474 3124 Jnfiqr't

423 3133 848 3188 -ttesumitttoremammrium
860 3135 924 3184 mire
969 3132 1074 3184 cirtam
1093 3133 1210 3185 Petrens.
1232 3133 1343 3186 Insertat
1363 3133 1474 3186 cithara

423 3213 559 3284 exprimit,
575 3229 688 3282 quorum
706 3212 775 3264 oculi
788 3213 846 3265 visu
858 3213 925 3264 ami·
969 3209 1053 3263 codex
1067 3211 1179 3275 Heinsii,
1195 3223 1225 3263 nt
1238 3210 1323 3263 Theb.
1337 3213 1382 3278 tv,
1403 3235 1415 3258 ι
1433 3212 1476 3264 ci-

424 3313 460 3346 ca
475 3291 566 3346 satiari
580 3309 634 3342 non
647 3303 769 3362 possunt.
969 3287 1104 3362 thuraque
1113 3309 1204 3342 monus
1216 3293 1325 3343 insertat
1338 3290 1451 3363 Apollo.
1462 3315 1473 3336 ι

369 3423 370 3426 ,
461 3372 522 3442 570.
534 3371 614 3423 Nunc
623 3371 721 3423 nimius
730 3369 806 3422 lateri
813 3389 865 3422 non
875 3371 925 3422 evi·
968 3397 1005 3414 -
1018 3373 1139 3443 Occupat.
1152 3372 1253 3427 Osculo
1266 3371 1375 3426 scilicet.

425 3449 505 3503 tantis
513 3447 635 3500 adheret.
646 3449 814 3519 leopham.
824 3449 923 3502 Buslid.
1006 3448 1066 3519 576.
1076 3451 1111 3501 Et
1124 3449 1190 3522 iipat
1200 3449 1343 3523 arnplesur.
1358 3451 1400 3503 Er
1413 3451 1478 3527 liqut

425 3543 452 3583 et
464 3529 580 3600 Lipsian.
599 3547 653 3580 non
671 3529 789 3581 evitantis
808 3529 924 3582 inheret.
970 3529 1093 3602 amplexu
1105 3531 1147 3583 Fr.
1160 3529 1274 3582 Medius.

424 3638 459 3649 -
472 3611 537 3677 Reg.
551 3606 661 3658 Bhahet
673 3607 741 3659 hanc
756 3607 815 3659 lact.
830 3609 926 3679 nepe
1006 3605 1067 3677 577.
1083 3609 1138 3678 Quo
1152 3607 1244 3659 vertice
1256 3606 1361 3659 Pelion.
1377 3605 1412 3658 Id
1426 3620 1478 3674 est,

425 3686 559 3746 eamdem
575 3683 621 3738 sed
638 3687 665 3738 in
676 3689 738 3757 lieg.
749 3687 771 3738 C
782 3706 872 3740 versus
881 3687 925 3740 ille
971 3703 1050 3757 quam
1062 3686 1177 3752 sit,altus
1191 3686 1290 3738 Pelion.

425 3766 505 3818 aliurn
521 3777 635 3835 occupat
653 3765 740 3816 locum
759 3779 784 3817 at
798 3769 926 3836 reperitur
1006 3767 1066 3837 579.
1080 3768 1113 3820 A.
1127 3786 1147 3819 s.
1160 3787 1181 3819 e.
1191 3788 1217 3840 p.
1230 3777 1320 3820 cantat
1329 3765 1479 3820 Achilleia.

425 3859 485 3917 post
499 3863 601 3896 versum
614 3858 734 3896 noenum
746 3843 806 3912 575.
820 3846 865 3899 Eo.
969 3845 1050 3916 Lang.
1065 3845 1159 3898 Buslid.
1180 3849 1248 3899 Dan.
1261 3858 1287 3899 et
1299 3848 1411 3899 Veneti.
1427 3847 1481 3898 latr-

462 3921 925 3993 571.Sertis.Jaciendoineamrerta
969 3923 1165 3977 datAchillera.

426 4014 452 4055 et
462 4005 604 4065 canistros,
619 4013 645 4052 et
654 3999 773 4072 thyrsos,
786 3999 925 4053 leviterta·
1007 4004 1067 4058 580.
1080 4007 1140 4073 Ipsa
1157 4023 1267 4078 quoque.
1282 4005 1362 4056 Nunc
1382 4019 1480 4057 contra

425 4099 494 4133 men.
508 4109 544 4121 -
558 4080 646 4153 lapsis
663 4097 733 4130 aune
750 4093 840 4151 sponte
855 4080 926 4132 caui·
971 4083 1088 4136 ostendit
1102 4103 1117 4136 a
1132 4083 1270 4136 Deidamia
1285 4082 1423 4136 Achillem
1443 4087 1480 4136 in·

426 4163 490 4216 stris.
501 4162 639 4231 Tanquam
649 4177 712 4211 casu
724 4157 792 4230 lapsi
805 4172 899 4212 esseut.
968 4175 1099 4215 structum
1118 4161 1152 4214 ad
1170 4181 1252 4235 opera
1270 4161 1431 4216 muliebria.
1447 4191 1481 4202 --
