3194 5156
396 557 463 652 598
604 561 642 624 Ρ.
667 561 702 624 Ρ.
727 559 882 626 STthl
906 558 1237 626 ACHILLEIDOS

441 685 612 758 Uberibus
625 687 763 754 satiasse
774 687 916 765 famem,
929 685 989 754 sad
1006 688 1113 779 spissa
1127 684 1266 753 leonum
1396 699 1450 754 385

440 789 594 880 Viscera,
610 799 894 893 semianimesque
905 795 1014 865 libens
1027 799 1168 864 traxisse
1179 795 1356 866 medullas.

441 913 523 976 Haee
534 907 617 976 mihi
628 911 738 1002 prima
749 912 865 992 Ceres,
878 907 952 976 haec
965 906 1034 975 laeti
1048 931 1190 976 munera
1201 907 1339 991 Bacchi,

440 1024 493 1090 Sic
505 1019 608 1088 dabat
619 1018 675 1088 ille
687 1037 782 1115 pater
794 1043 802 1087 t
816 1044 896 1088 mox
908 1023 956 1088 ire
968 1044 1030 1114 per
1041 1023 1116 1088 avia
1128 1043 1245 1088 secum

439 1136 562 1200 Lustra
574 1115 681 1226 &redu
695 1130 823 1226 majore
835 1131 989 1218 trahens,
1005 1135 1152 1228 visisque
1164 1131 1306 1200 docebat

439 1243 780 1329 Arridereferis,neo
793 1246 899 1313 fractu
913 1245 1092 1313 ruentibus
1108 1242 1207 1312 undis
1394 1255 1450 1325 39⁰

438 1357 540 1437 Saxa,
552 1377 618 1424 nec
629 1354 674 1424 ad
685 1371 789 1424 vastos
799 1353 969 1448 trepidare
983 1353 1115 1422 silentia
1127 1354 1231 1424 silvas.

390 1550 433 1604 hos
444 1569 494 1623 pro
505 1549 592 1622 dapes.
604 1548 690 1602 Codd.
703 1549 818 1602 Burthii:
829 1549 900 1604 ullos
944 1567 1002 1622 quae
1019 1549 1086 1604 dura
1103 1562 1143 1604 est
1164 1562 1191 1602 et
1208 1553 1292 1624 spissa
1310 1551 1338 1600 iu
1358 1547 1448 1600 leone.

390 1651 423 1684 ex
436 1649 507 1683 more
520 1631 606 1704 dapes.
618 1660 655 1670 -
665 1631 730 1702 Reg.
747 1633 768 1683 B
784 1630 898 1704 prebet,
978 1630 1039 1683 386.
1055 1629 1174 1695 Viscera,
1186 1628 1399 1699 semianimesque
1412 1625 1449 1678 li-

389 1711 454 1764 Nou
468 1708 538 1763 ullos
551 1727 584 1761 ex
596 1727 668 1763 mare
685 1709 753 1762 cibos
768 1709 896 1776 hausisse,
943 1711 1003 1764 heus
1021 1711 1125 1764 traxisse
1138 1709 1277 1762 medullas.
1298 1709 1368 1760 Dan.
1387 1709 1448 1760 Put.

390 1785 817 1841 emathraba-Nonuttasex
825 1805 897 1840 more
941 1789 1093 1856 Euathlum,
1116 1787 1295 1860 Lindenbrog.
1318 1801 1344 1841 et
1366 1789 1448 1842 Cruc.

390 1865 486 1937 dapes,
501 1879 553 1918 etc.
569 1865 686 1920 Achilles
707 1867 823 1918 ferarum
843 1880 901 1918 rue-¹
941 1867 1010 1941 lapte
1028 1869 1132 1922 traxisse
1149 1865 1285 1920 medullas.
1300 1894 1336 1904 -·
1350 1865 1412 1935 lieg·
1429 1867 1450 1916 Β

332 1959 338 1975 ¹
389 1944 471 1997 dullis
485 1944 583 1998 dicitur
596 1945 740 2012 educatus,
757 1960 787 1998 ut
798 1963 896 1998 nornen
941 1947 1060 2014 exhibet,
1076 1948 1287 2020 semianimisque
1307 1945 1378 2017 lupa
1399 1957 1451 1997 tra-

389 2024 537 2098 almificam
555 2025 623 2080 illud
641 2029 712 2079 euim
726 2027 904 2098 componitur,
940 2029 1005 2080 uisse
1018 2026 1154 2080 medullas.
1168 2027 1215 2077 Eu.

389 2105 424 2158 ab
436 2126 455 2159 e
468 2108 615 2180 privativo,
627 2118 654 2160 'et
666 2104 746 2172 zuis,
761 2123 832 2171 esca,
843 2107 898 2158 sive
978 2109 1039 2179 387.
1061 2111 1140 2162 Ceres.
1159 2108 1245 2159 Panis.
1263 2107 1377 2158 cereum
1395 2122 1450 2175 pro

288 2193 297 2204 '
389 2186 466 2240 cibus
483 2187 631 2252 humanus,
643 2186 715 2240 uude
729 2186 847 2239 Achilles
858 2185 897 2238 di·
941 2205 1011 2260 pane
1022 2189 1091 2240 sumi
1104 2186 1228 2238 omnibus
1243 2198 1339 2236 notum
1352 2196 1401 2236 est.
1414 2214 1450 2224 -

389 2277 449 2320 ctus
459 2277 499 2319 est
507 2287 514 2318 s
523 2285 584 2319 nam
594 2267 683 2338 primo
690 2265 837 2318 vocabatur
846 2266 898 2336 Py·
941 2269 1055 2320 Munera
1067 2267 1172 2318 Bacchi.
1186 2267 1294 2317 Vinum.

389 2349 490 2400 rissotts.
503 2347 660 2418 Euphorion
672 2343 725 2401 t'Es
740 2345 806 2398 sliu
822 2343 897 2410 χιλοῖο
977 2347 1039 2400 388.
1054 2347 1097 2399 Sic
1110 2347 1189 2399 duhut
1204 2344 1252 2397 ille
1268 2355 1368 2416 putere
1385 2361 1451 2395 mox

388 2423 470 2478 umis
501 2421 608 2492 elstret
638 2423 764 2486 mmor,
793 2421 898 2476 'raim
943 2428 980 2480 ire
993 2443 1041 2500 per
1057 2429 1116 2480 uria
1129 2443 1223 2478 secum.
1242 2426 1285 2478 Sic
1303 2424 1374 2477 dedit
1383 2425 1450 2476 Exc.

388 2501 531 2576 Mvppshissc
554 2525 596 2572 μιν
623 2503 739 2570 'exmia
766 2504 896 2570 exhilaras.
942 2508 1020 2578 Burg.
1037 2536 1074 2548 -
1087 2507 1152 2576 lieg.
1169 2505 1317 2577 Bpraebet,
1330 2523 1394 2556 mox
1412 2503 1452 2556 ire

392 2581 558 2638 eDcseendit
573 2585 601 2637 iu
615 2579 753 2648 Phthiam,
776 2601 830 2634 uon
849 2581 897 2634 de·
939 2587 1074 2662 periuria
1087 2605 1179 2640 murm.
1196 2588 1242 2637 Eu.
1255 2615 1291 2625 -·
1300 2583 1353 2636 Ille
1362 2595 1447 2655 pater.

387 2679 497 2739 gustato
505 2668 614 2718 omniuo
623 2665 685 2718 cibo
693 2664 821 2728 humano,
831 2681 898 2735 qus·
941 2665 1050 2718 Chiron.
1060 2667 1255 2736 Patcrpropter
1263 2664 1451 2715 reverentiam.

388 2745 510 2799 mobrem
535 2743 715 2818 Myrmidones
743 2745 898 2795 nominave-
940 2744 1092 2812 luvenalis,
1113 2745 1166 2797 Sat.
1188 2744 1255 2808 Vll,
1282 2759 1343 2814 ²⁰9·
1369 2741 1453 2810 aQui

389 2839 453 2878 ruut
467 2843 528 2878 eum
544 2823 707 2876 Achillem..
725 2823 853 2876 Libauius
869 2823 898 2874 in
940 2837 1130 2897 preceptorem
1140 2819 1342 2876 sanctiroluere
1352 2839 1455 2893 peren-

388 2901 718 2972 dualrusoratiouibus,in
734 2903 897 2976 quiboslau-
942 2907 975 2957 tis
997 2907 1062 2958 Esse
1086 2903 1156 2956 loco.
1172 2925 1182 2950 ι
1200 2905 1233 2956 Et
1249 2901 1452 2970 Quintilianus:

388 2985 450 3038 dem
479 2999 506 3038 et
534 2985 757 3056 vituperationem
787 2981 896 3036 Arhillis
945 2983 1215 3056 aDiscipulosunum
1226 2984 1329 3034 iusserim
1340 2999 1452 3047 moneo,

388 3065 511 3135 scripsit,
530 3079 652 3134 expresse
671 3061 736 3113 dicit
754 3061 897 3115 Chironem
942 3077 971 3116 ut
990 3075 1167 3135 praeceptores
1187 3079 1250 3114 suos
1270 3079 1325 3112 uon
1344 3062 1454 3128 minus,

390 3141 531 3215 parvulum
553 3140 684 3194 Achillem
709 3140 817 3193 leonum
842 3157 899 3191 me·
942 3161 1024 3215 quam
1036 3146 1094 3215 ipsa
1106 3141 1193 3195 studia
1206 3155 1344 3208 ament‚et
1354 3159 1454 3213 paren.

390 3217 470 3274 dullis
491 3221 596 3274 aluisse.
618 3219 693 3273 ldem
708 3219 804 3292 legitur
824 3219 897 3292 apud
942 3237 980 3276 tes
991 3243 1037 3276 eos
1050 3223 1221 3294 nunquidem
1231 3239 1389 3293 corporum,
1402 3217 1454 3273 scd

389 3299 585 3374 Apollodorum
598 3301 644 3354 lib.
662 3303 706 3354 lll.
724 3301 790 3354 Vide
807 3299 897 3352 Philo·
940 3304 1069 3356 mentium
1084 3320 1141 3354 esse
1153 3300 1268 3353 cretlaut.
1279 3323 1291 3347 a

307 3391 309 3396 '
389 3384 627 3436 stratilleroicain
638 3381 895 3452 Achille,muguum
976 3382 1038 3452 389.
1051 3382 1140 3435 Gradu
1152 3381 1259 3452 majore.
1272 3377 1455 3432 Sicdehsca-

387 3463 609 3536 Etyruologicon,
629 3475 656 3515 et
678 3461 845 3516 Eustathiurn
867 3463 896 3514 in
940 3461 986 3514 nio
1003 3460 1144 3532 Virgilius,
1166 3461 1225 3512 AEn.
1242 3461 1281 3524 ll,
1299 3459 1361 3529 725.
1383 3459 1456 3511 ¹Se·

390 3547 504 3617 primum
523 3543 621 3595 librum
639 3543 895 3596 Iliadae-Mare.
941 3545 1086 3613 quiturque
1110 3553 1215 3612 patrem
1242 3557 1297 3590 non
1322 3538 1455 3611 passibus

388 3625 532 3676 lulautiom
556 3622 667 3675 scilicet.
685 3653 721 3665 -·
741 3623 798 3674 Nec
819 3620 896 3676 almis
940 3623 1052 3693 equis.-

393 3702 522 3754 Uherihus.
535 3700 616 3754 Alma
633 3703 724 3770 ubera,
742 3701 896 3754 alimoniam
976 3702 1038 3771 390.
1062 3700 1181 3752 Ansam
1193 3699 1276 3772 fen's,
1297 3717 1346 3750 uec
1357 3697 1457 3768 fracta

390 3782 488 3835 seilicet
501 3785 663 3854 praestantia.
941 3783 1071 3835 mentibus
1082 3781 1167 3833 undis.
1181 3779 1292 3830 irridere
1302 3779 1373 3846 seris.
1389 3779 1455 3832 Put.

425 3863 486 3916 385.
501 3865 554 3916 Sed
570 3863 648 3935 spissa
665 3863 770 3916 leonum
790 3861 894 3915 uiscera.
940 3878 967 3917 et
981 3882 1030 3935 pro
1041 3883 1065 3915 v.
1078 3862 1096 3914 l.
1111 3862 1224 3913 irritare.
1234 3861 1296 3912 Exc.
1312 3862 1392 3930 surg.
1404 3879 1458 3912 nee

388 3943 516 4008 Pueritiu,
526 3946 627 4017 inquit,
637 3961 695 3996 meu
706 3943 832 3996 carnibus
843 3943 896 3996 leo·
933 3946 1045 4018 jamque
1052 3965 1061 4004 ,·
1078 3955 1104 3994 at
1113 3944 1141 3994 in
1155 3941 1275 4010 margine
1287 3955 1457 3994 correctum.

387 4023 459 4074 uinis
484 4022 663 4095 pascebatur,
689 4042 750 4075 naut
778 4025 896 4092 viscera,
940 4022 1190 4093 -Arridereferis
1205 4021 1267 4086 Est,
1282 4039 1339 4076 uon
1354 4022 1460 4074 formi-

389 4122 482 4156 curnes
496 4104 645 4174 significare
662 4101 788 4154 ostendit.
805 4100 897 4174 Virgil.
939 4103 1012 4156 dare.

390 4181 897 4253 AEu.l,att:nEiviscerauudantn-
976 4182 1108 4250 391.Nec
1123 4182 1159 4234 ad
1175 4191 1253 4232 vasta
1269 4180 1401 4250 trepidare
1420 4182 1461 4232 si-

388 4265 481 4335 apim.
503 4265 633 4318 Naturam
654 4264 742 4318 cernis
763 4266 895 4336 respexit,
942 4259 1023 4312 leutio
1041 4259 1121 4314 silva.
1139 4261 1237 4312 Noster
1252 4256 1338 4310 Theb.
1355 4259 1407 4326 tv,
1424 4279 1460 4308 v.
