3230 5168
379 465 440 530 160
610 467 644 526 P.
671 466 705 526 P.
732 462 887 528 STATtl
912 463 1189 532 THEBAIDOS

418 594 572 684 Cogitur,
584 589 738 684 indulget
748 613 921 658 summum
933 588 998 656 boc
1011 595 1139 656 Iocasta
1147 587 1291 683 jacenti,

419 703 643 798 Ostenditque
654 704 824 798 offertque
834 730 842 770 ε
854 719 976 799 quater
983 699 1055 795 jam
1067 721 1177 770 morte
1188 703 1252 770 sub
1266 705 1339 795 ipsa

420 813 471 882 Ad
483 837 608 882 nomeu
619 815 729 896 visus,
742 810 940 907 dejectaque
950 811 1082 880 fortiter
1093 837 1152 880 ora

421 921 1192 1015 Sustulit:illamunamneglectoluminecaeli
1372 933 1424 987 650

421 1033 590 1128 Adspicit,
603 1052 638 1104 et
648 1034 745 1104 vultu
757 1059 827 1103 uon
840 1037 1023 1102 exsatiatur
1034 1051 1156 1103 amato.

421 1151 520 1215 Tunc
532 1150 611 1243 quia
624 1171 688 1216 nec
699 1151 843 1241 genitrix
851 1145 965 1241 juxta,
977 1149 1176 1242 positusque
1189 1147 1286 1214 beata

421 1264 532 1329 Morte
542 1277 653 1352 pater,
666 1284 802 1354 sponsae
814 1285 939 1330 munus
951 1257 1141 1329 miserabile
1154 1258 1306 1341 tradunt,

421 1369 598 1438 Declinare
610 1395 734 1464 genas:
746 1372 792 1440 ibi
805 1371 944 1440 demum
956 1388 1041 1440 teste
1052 1387 1183 1440 remoto

421 1484 523 1549 Fassa
534 1483 609 1574 pios
621 1484 781 1574 gemitus,
795 1480 1018 1577 lacrimasque
1029 1480 1205 1549 inlumina
1216 1479 1313 1548 fudit.
1373 1489 1425 1542 655

468 1595 626 1688 Dumque
638 1617 678 1660 ea
689 1617 751 1685 per
762 1592 913 1675 Thebas,
926 1593 999 1662 aliis
1012 1591 1225 1688 serpentibus
1236 1589 1361 1658 ardens

423 1706 465 1770 Et
476 1702 549 1770 face
560 1719 688 1772 mutata
699 1702 830 1773 beilum
841 1704 1147 1798 integrabatEnyo.

376 1885 424 1928 aet
438 1897 449 1922 ι
464 1875 511 1928 Vel
525 1879 587 1948 quia
599 1877 710 1930 timebat
720 1897 772 1945 na,
786 1893 880 1932 exorto
961 1877 1022 1932 655.
1041 1879 1117 1931 rana
1133 1878 1190 1948 pios
1204 1877 1329 1950 qemun,
1348 1872 1427 1925 iaeti-

377 1957 404 2006 in
423 1953 498 2006 vultu
518 1957 611 2026 tigno,
631 1957 720 2029 pudor
738 1977 802 2010 suus
820 1957 881 2012 laedi
926 1975 1031 2029 masque
1043 1958 1070 2007 iu
1081 1955 1273 2027 Iumiaasudit.
1284 1951 1426 2005 Eddvett.

377 2035 616 2105 posset—Savus.
623 2037 694 2105 Quia
701 2036 882 2092 boesoiatium
927 2035 955 2085 in
969 2034 1091 2096 minem
1106 2049 1132 2088 et
1146 2035 1182 2085 ita
1195 2033 1257 2104 legit
1268 2035 1326 2085 Nic.
1337 2032 1428 2082 Heius.

376 2116 477 2166 amanti
488 2113 611 2185 negabai.
925 2113 958 2166 ad
975 2113 1053 2167 Ovid.
1071 2113 1178 2166 Heroid.
1196 2114 1278 2185 Epist.
1296 2111 1347 2177 xl,
1362 2109 1429 2176 125,

413 2189 475 2262 647.
489 2192 637 2246 Summum.
652 2195 789 2249 Ultimum.
802 2198 880 2250 chr.
926 2191 954 2244 iu
969 2193 1077 2246 uulnera
1088 2195 1118 2244 iu
1131 2191 1291 2263 quibusdam
1305 2188 1385 2242 codd.
1400 2191 1430 2242 in

413 2271 474 2338 649.
493 2271 600 2344 Dejecta
612 2272 723 2344 fortiter
741 2295 796 2328 ora.
817 2277 881 2330 Exe.
926 2269 1029 2324 lumina
1040 2272 1123 2341 Laug.
1141 2269 1429 2341 Busiid.1ips-Petar.

377 2347 458 2400 Fabri
470 2347 564 2401 Behot.
580 2368 603 2416 1,
616 2364 642 2402 et
652 2353 758 2406 Vauett.
770 2352 883 2407 deiecta-
928 2349 1021 2402 Bebot.
1042 2367 1065 2417 t,
1078 2348 1221 2402 Lindenbr.
1238 2345 1348 2400 Amatel.
1361 2347 1430 2398 Gro-

378 2447 442 2502 que,·
457 2427 504 2480 sed
522 2430 550 2480 in
565 2429 657 2483 Bebot.
676 2448 699 2498 1,
713 2434 883 2488 emendatum
929 2449 990 2483 uov.
1011 2429 1100 2484 Barth.
1121 2443 1148 2482 et
1167 2429 1261 2501 Deipb.
1283 2429 1311 2481 iri
1331 2425 1432 2479 iumine

378 2505 543 2580 dilectaque,·
556 2507 648 2562 Bebot.
663 2526 696 2576 a,
708 2509 806 2579 babet,
819 2512 883 2585 dije-
929 2509 1021 2562 uehot.
1035 2509 1155 2576 2‚conf.
1167 2506 1252 2559 Theb.
1265 2507 1312 2572 ΙΙΙ,
1329 2503 1431 2556 130.—

378 2596 480 2658 etoque.
499 2613 535 2624 -
551 2586 663 2640 Fortiter
675 2605 730 2640 ora.
750 2589 841 2658 Quum
859 2590 883 2641 ei
928 2589 1148 2660 ercrimasqueirt
1160 2585 1265 2660 vulnpra
1272 2585 1356 2658 fudit.
1367 2583 1433 2636 Scri·

379 2663 513 2718 diceretur
523 2683 638 2736 present
651 2685 709 2720 esse
719 2670 831 2722 Ismene.
928 2669 968 2740 pti
986 2665 1067 2720 libri:
1087 2669 1115 2719 in
1136 2665 1238 2718 Iumina
1252 2664 1344 2735 sardin
1359 2661 1432 2736 quod

415 2743 571 2798 65a1ttam
585 2765 666 2798 unam
680 2747 795 2821 neglecto
807 2747 884 2802 lumi·
930 2748 1014 2818 magis
1027 2747 1061 2800 ad
1073 2764 1160 2799 meum
1171 2758 1293 2816 qustum
1308 2741 1433 2816 precedit

379 2842 414 2876 ne
427 2823 493 2878 reli.
508 2825 568 2878 Pat.
586 2824 635 2878 itta
649 2846 739 2880 uuam.
754 2857 790 2868 -
800 2828 883 2882 Illam
929 2828 1020 2879 enim:
1046 2827 1142 2878 «Tunc
1164 2826 1228 2896 quia
1251 2843 1300 2876 nec
1320 2824 1433 2894 genitrix

379 2923 460 2958 uuam
472 2905 604 2981 uepleeto,
619 2922 668 2961 etc.
682 2910 725 2962 Sic
736 2909 797 2964 silv.
809 2913 842 2976 V,
861 2927 884 2977 r,
926 2909 1018 2977 juxta,
1033 2908 1188 2977 positusque
1202 2906 1282 2958 beata
1292 2906 1378 2956 Morte
1387 2919 1433 2974 pa·

384 2986 433 3054 174
456 2999 482 3038 et
505 3003 560 3059 aeq.
584 2985 740 3040 Abascanrii
762 2989 883 3042 Pietate=
931 2998 980 3054 ter,
995 3005 1098 3058 sponsa
1108 3004 1205 3038 munus
1219 2983 1433 3038 miserabiietra-

383 3081 454 3116 nnec
472 3061 529 3118 tole
547 3083 672 3137 supremo
690 3067 818 3135 Lumina,
838 3066 886 3122 sed
931 3065 997 3118 dunt
1011 3066 1151 3121 Deciiuare
1164 3083 1277 3136 genas.»
1299 3067 1377 3117 Brut.

381 3140 453 3194 dulci
463 3144 563 3196 mavult
575 3148 671 3198 satiare
683 3150 788 3200 marito.
799 3171 811 3194 n
965 3144 1027 3200 656.
1039 3146 1093 3198 Per
1101 3144 1209 3208 Thebas.
1216 3144 1329 3217 supple,
1339 3161 1433 3215 peruu-

417 3221 477 3274 652.
498 3224 607 3277 Positut.
627 3225 656 3276 id
675 3237 731 3287 est,
749 3229 885 3297 compoti·
929 3239 982 3278 tur.
996 3224 1278 3298 -Aiiisserpentibua
1290 3223 1433 3277 Repentin-

381 3315 438 3368 ωε,
456 3320 501 3354 seu
519 3301 653 3372 sepultus,
668 3315 698 3353 ut
712 3303 785 3374 apud
799 3306 886 3356 Hora·
930 3305 1020 3370 ribus,
1035 3306 1110 3376 quasi
1123 3305 1227 3376 priores
1242 3304 1410 3356 deiecissent.

381 3381 465 3445 tium,
480 3380 612 3447 Persium,
628 3395 654 3432 et
666 3379 732 3434 aiios
745 3381 885 3437 observare
965 3385 1027 3456 657.
1044 3384 1357 3459 Etfacemutatabeiium
1367 3386 1434 3437 inte·

381 3458 453 3510 licet,
928 3467 1021 3539 prabet
1035 3467 1120 3536 Enyo.
1139 3465 1203 3536 fleg.
1219 3467 1255 3530 B,
1270 3463 1376 3517 Bellum
1388 3463 1434 3514 ite·

417 3541 478 3608 654.
501 3541 595 3592 Genus.
614 3539 644 3593 Id
661 3552 716 3608 eat,
733 3542 882 3614 palpebras.
929 3563 986 3597 mm
1001 3546 1078 3616 Enyo
1091 3543 1184 3604 babet3
1201 3546 1265 3617 Reg.
1280 3543 1302 3594 C
1315 3555 1434 3594 nostram

381 3621 481 3671 Ennius
492 3621 579 3686 euim,
591 3620 723 3675 referente
734 3625 829 3690 Festo,
840 3644 884 3694 ge·
929 3624 1079 3676 lectionem.
1095 3623 1140 3676 Eu.
1153 3653 1189 3662 —
1200 3625 1236 3674 Et
1244 3623 1308 3694 face
1323 3629 1432 3672 mutata.

382 3697 885 3770 naapropaipebrissumsitbocrerer·
929 3692 1436 3774 Norafadeassumta,priorijamcon·

382 3793 414 3828 tu
436 3777 585 3848 Fragment.
607 3797 639 3831 ex
660 3781 767 3832 incertis
789 3780 882 3834 libais:
930 3783 1158 3854 sumta-Enyo.
1167 3782 1276 3835 Bellona
1283 3779 1436 3846 ,cuiiacem

385 3855 884 3930 ·Pandite‚auiti',genasetcordere·
930 3863 995 3916 dant
1014 3875 1108 3934 poetae.
1127 3863 1193 3914 Vide
1208 3861 1294 3915 Theb.
1311 3861 1352 3926 V,
1375 3859 1433 3914 155.

382 3935 493 4007 linquite
511 3953 666 3989 somnum·
685 3941 810 3992 Caeterum
824 3959 885 3992 mu·
930 3973 965 3985 -
983 3942 1087 3996 Bellum
1106 3943 1218 4016 intepuit
1235 3945 1322 4014 Enyo.
1342 3941 1434 3996 Seuer.

382 4033 433 4068 uua
442 4013 509 4067 iilud
518 4015 660 4070 claudendi
668 4019 760 4072 oculos
770 4033 885 4072 mortuo-
930 4021 1025 4074 Medea
1039 4041 1076 4075 vs.
1094 4021 1163 4092 672:
1179 4035 1286 4075 «temet
1300 4019 1378 4073 dolor
1390 4039 1435 4072 aa·

383 4114 441 4148 rum
463 4095 602 4167 spectabat
617 4097 652 4150 ad
670 4102 837 4172 propinquos
854 4121 885 4154 ac
932 4102 1021 4155 cendit
1030 4103 1217 4174 ipse‚vimque
1227 4095 1387 4172 praeterituri
1395 4101 1434 4151 in·

384 4177 532 4230 carissimos
545 4192 676 4248 parentes.
932 4196 1024 4253 tegi-at.
1034 4207 1045 4230 ι
1055 4182 1133 4234 Coni.
1144 4183 1241 4235 incerti
1250 4182 1365 4254 Epitom.
1374 4179 1435 4232 iiia·
