3256 5160
369 557 434 643 ⁴9²
576 553 613 618 P.
639 550 1207 622 P.STAT11ACH1LLEIDOS

412 683 544 761 Laetus,
557 693 591 745 et
602 699 760 772 aequoreo
774 675 920 744 diffusus
932 692 1070 744 nectare
1081 674 1216 757 vultus,

413 789 513 858 Unde
524 787 670 873 hiemes,
683 790 845 882 ventique
858 786 974 869 silent,
992 804 1162 882 cantuque
1174 788 1290 882 quieto

413 901 577 992 Armigeri
591 901 749 970 Tritones
761 913 862 980 eunt,
878 896 1127 992 scopulosaque
1139 912 1230 979 cete,
1384 907 1420 963 ⁵5

412 1007 651 1104 Tyrrhenique
666 1031 783 1102 greges
798 1010 998 1102 circumque
1009 1007 1166 1104 infraque
1178 1023 1332 1077 rotantur

413 1124 504 1212 Rege
518 1118 683 1188 salutato:
699 1117 841 1213 pldcidis
856 1120 929 1212 ipse
941 1118 1070 1208 arduus
1085 1117 1185 1188 undis

412 1233 564 1316 Eminet,
578 1248 611 1314 et
624 1230 746 1324 triplici
759 1228 827 1298 telo
836 1226 936 1323 jubet
947 1232 997 1297 ire
1006 1227 1150 1324 jugales.

413 1341 467 1410 ttli
479 1341 682 1436 spumiferos
695 1340 914 1434 glomerante
925 1357 1063 1433 pectore
1076 1341 1221 1424 fluctus3

412 1457 503 1519 Pone
517 1469 653 1536 natam,
667 1451 850 1547 delentque
861 1450 989 1546 pedum
1001 1455 1141 1545 vestigia
1153 1451 1272 1520 cauda.
1384 1460 1421 1514 σο

413 1563 476 1628 Cui
487 1560 623 1630 Thetis:
642 1564 820 1657 «Omagni
831 1577 943 1630 rector
955 1567 1154 1658 genitorque
1165 1560 1345 1657 profundi,

366 1725 439 1798 quod
453 1739 539 1778 totum
556 1725 646 1781 orbem
665 1739 793 1779 terrorum
814 1744 870 1778 am·
914 1727 1055 1793 Scaurum,
1077 1725 1243 1798 longitudine
1255 1723 1354 1797 pedum
1370 1725 1420 1792 40,

364 1803 412 1856 bit.
429 1834 465 1844 -
480 1807 586 1859 Mensis.
607 1805 638 1858 td
660 1819 718 1874 est,
739 1805 870 1878 dapibus,
914 1805 1054 1860 altitudine
1079 1820 1212 1859 costarum
1237 1803 1342 1858 Indicos
1366 1802 1422 1855 ele·

365 1902 423 1957 quae
433 1885 460 1937 in
473 1888 569 1938 mensis
581 1900 763 1959 opponuntur.
915 1886 1031 1958 phantos
1050 1887 1207 1953 excedente,
1226 1887 1306 1960 spinte
1324 1886 1421 1938 cressi-

400 1963 444 2032 54.
460 1966 542 2018 Unde.
553 1968 591 2019 Ex
602 1985 655 2039 qne
665 1964 804 2018 hilaritate.
815 1965 870 2018 Ms-
914 1965 1006 2018 tudine
1017 1963 1207 2037 sesquipedali.

363 2047 497 2096 turentius
510 2047 590 2098 refert
599 2043 626 2098 el
639 2044 754 2096 audead
766 2041 870 2096 AEthio·
950 2046 993 2100 56.
1014 2047 1203 2119 Tyrrhenique.
1219 2042 1378 2116 Delphines,
1392 2044 1421 2095 in

363 2122 534 2194 piscaniam
551 2139 622 2178 certe
639 2127 775 2196 regionem
789 2125 869 2175 mini·
914 2147 983 2200 quos
994 2128 1124 2202 Tyrrheni
1141 2126 1249 2199 quidam
1266 2125 1422 2178 navicularii

363 2221 406 2254 me
425 2203 531 2256 fulmini
552 2203 696 2258 obnoxiam
715 2222 772 2256 esse
791 2201 870 2256 tradit
914 2231 976 2268 ,um
992 2236 1008 2269 ἃ
1021 2216 1127 2270 Baccho
1146 2212 1338 2268 mutati20vid.
1355 2215 1420 2265 Met.

361 2279 519 2333 Plutarchus
539 2282 573 2335 de
590 2283 792 2356 superstitione.
807 2283 868 2350 Quo
913 2296 964 2361 ΠΙ,
981 2293 1177 2366 670‚12bi'vid‚
1197 2307 1253 2347 nor,
1270 2307 1341 2346 nost.
1358 2290 1420 2346 edit.

364 2376 444 2411 sensu
456 2361 539 2425 unde,
551 2360 643 2427 idest,
657 2381 710 2435 qua
721 2375 807 2433 porte.
913 2387 978 2427 tom,
993 2376 1118 2446 111‚psg.
1135 2374 1201 2439 281,
1215 2386 1241 2424 et
1260 2391 1314 2444 seq.
1326 2372 1360 2423 de
1378 2373 1422 2422 iit·

400 2437 442 2493 55·
461 2441 593 2515 Amiqtri
606 2443 732 2495 Triton&-
750 2442 869 2514 ΛΜΨ·
912 2451 974 2507 dem
1004 2453 1175 2524 Propertius,
1195 2449 1241 2504 lib.
1267 2451 1322 2518 lll,
1346 2447 1420 2522 Eleg.

363 2517 515 2572 riTritonet
523 2519 606 2572 codex
612 2522 768 2573 Vossianus.
777 2521 870 2572 -Ar·
916 2533 957 2586 16,
970 2533 1017 2586 Εῃ,

364 2598 457 2672 miqeri
468 2599 594 2654 Tritones.
605 2603 697 2654 Triton
707 2602 779 2653 Deus
792 2601 869 2652 mori-
950 2610 994 2681 57.
1013 2611 1090 2684 Repe.
1103 2610 1241 2681 Neptuno.

364 2695 428 2742 ¹¹⁰⁸,
445 2681 564 2750 Neptuni
579 2692 605 2732 et
620 2679 726 2735 Salaciae
742 2677 869 2752 Nympha
950 2689 993 2743 58.
1015 2689 1126 2762 Triplici
1147 2687 1207 2743 telo.
1225 2690 1354 2754 Fuscino,
1372 2704 1420 2739 seu

363 2757 446 2825 filius,
459 2779 537 2832 quem
550 2774 636 2833 poetae
646 2762 740 2816 dicunt
752 2763 869 2833 Neptuni
914 2767 1042 2834 tridente,
1059 2770 1154 2840 insigni
1169 2771 1234 2838 ejus.
1252 2796 1288 2806 -
1302 2765 1420 2842 laquies.¹

364 2837 507 2890 tubicinern
521 2859 587 2894 esse.
607 2843 647 2894 De
663 2841 818 2894 Tritonibus
832 2843 867 2893 ite
913 2847 1026 2916 Phoms,
1042 2867 1087 2900 seu
1103 2849 1312 2918 hippocampos.

362 2912 481 2988 loquitur
500 2918 599 2972 Plinius
621 2919 665 2972 lib.
689 2921 742 2988 tx,
761 2939 819 2992 cap.
842 2919 867 2973 5.
951 2927 993 2997 59.
1013 2927 1061 2981 Illi
1074 2926 1227 3000 spumiferos
1241 2925 1391 2998 plomettmt
1404 2945 1421 2977 a

366 2997 496 3051 sTiberio
509 3003 624 3074 principi
641 3004 771 3056 nuntiavit
789 3001 870 3054 Olisi-
911 3019 1015 3081 pectore
1019 3008 1127 3085 fluctus.
1140 3010 1199 3058 Put.
1211 3016 1316 3080 pectore
1327 3023 1419 3058 cantu.

363 3082 523 3148 ponensium
544 3079 656 3153 leqatio,
675 3082 710 3134 ob
726 3082 753 3134 id
773 3085 869 3148 missa,
913 3117 949 3126 —
958 3089 1022 3158 Req.
1035 3090 1061 3138 B.
1074 3085 1155 3140 habet
1167 3086 1235 3138 hanc
1247 3085 1308 3137 lect.
1321 3087 1385 3156 Req.
1399 3083 1422 3135 G

361 3160 446 3210 visum
457 3158 631 3233 auditumque
643 3163 671 3214 in
684 3161 799 3236 quodam
809 3181 870 3233 spe·
913 3177 1040 3216 nostrum.
1061 3167 1107 3216 En.
1124 3193 1161 3205 -
1180 3163 1342 3216 Glnmernrtt.
1357 3162 1421 3215 vot-

362 3255 396 3288 cn
409 3238 513 3290 concha
525 3255 664 3292 canentem
675 3245 812 3299 Tritonem
824 3260 869 3310 ea,
913 3258 986 3296 runt.
1001 3245 1124 3296 Batrautt.

364 3336 415 3389 qua
428 3324 557 3386 noscitur,
569 3322 662 3374 lorma.
675 3345 685 3370 ι
698 3322 775 3375 Unde
787 3341 869 3393 supra
949 3322 1002 3374 60..
1014 3324 1087 3375 Pone
1101 3333 1201 3376 natant.
1217 3320 1311 3388 idest,
1325 3321 1420 3374 cauda.

363 3397 474 3452 dicitur:
485 3399 616 3475 Anniperi
627 3403 746 3456 Tritones
754 3414 824 3454 eunt.
834 3433 870 3444 --
913 3402 1101 3476 -Deleutque
1108 3404 1202 3474 pedum
1212 3404 1316 3476 vestiqie
1326 3403 1419 3454 caude.

362 3478 502 3551 Armiperi.
510 3483 621 3546 -Quia
632 3484 721 3534 ferunt
731 3481 870 3534 tridentem
913 3486 980 3536 Nam
988 3485 1092 3550 Phocis,
1101 3504 1146 3538 seu
1158 3485 1364 3555 Hippocampis,
1374 3486 1421 3555 qui

363 3557 749 3630 Neptuni-Scopulosecete.
764 3559 826 3611 Ceto
841 3562 868 3612 iu
914 3578 940 3616 et
963 3565 1036 3616 vituli
1060 3567 1152 3616 marini
1177 3563 1314 3624 dicuntur,
1338 3563 1420 3635 pedes

364 3638 430 3688 mari
441 3639 552 3708 majores
563 3641 661 3710 pisces,
672 3651 701 3691 ut
711 3639 870 3691 belenu-
914 3658 974 3697 sunt
992 3657 1094 3696 tantum
1111 3647 1225 3716 priores3
1242 3643 1342 3716 reliqua
1358 3661 1420 3714 pars

362 3714 512 3786 Scopulosa.
538 3718 607 3784 Quia
633 3717 814 3789 magnitudine
838 3737 869 3770 sc
914 3725 940 3774 iu
960 3723 1071 3775 caudam
1090 3727 1169 3795 piscis
1187 3723 1298 3788 desiuit,
1314 3737 1344 3776 ut
1360 3724 1421 3776 illos

362 3795 433 3847 mole
448 3796 581 3868 scopulos
601 3801 748 3852 imitentur.
769 3798 869 3850 Plinius
915 3804 1040 3857 describit
1050 3806 1149 3859 Noster
1164 3806 1248 3859 Theb.
1268 3807 1305 3870 ll,
1324 3825 1349 3856 v.
1369 3804 1419 3872 45:

363 3878 445 3929 refert
457 3877 503 3929 lib.
519 3879 571 3942 tit,
588 3899 647 3950 cap.
665 3879 696 3945 6,
712 3880 745 3932 de
761 3880 868 3932 Bolanis
917 3884 994 3936 «Illic
1006 3886 1093 3955 AEgaeo
1103 3887 1244 3957 Neptunus
1252 3887 1357 3956 gurgite
1368 3886 1422 3936 fes·

364 3970 390 4010 et
402 3959 490 4024 Orcis,
508 3961 564 4030 ejus
578 3959 689 4025 hellue,
702 3962 745 4012 cui
760 3959 868 4012 diceba·
914 3968 994 4019 sosln
1006 3980 1111 4038 portum
1122 3967 1230 4019 deducit
1240 3985 1336 4038 equom
1348 3969 1422 4037 prior

363 4049 408 4088 tur
431 4040 551 4110 exposita
577 4039 657 4091 luisse
682 4038 868 4110 Andromeda,
914 4043 1422 4118 ltauritareuasllnquln:postremisol-

365 4133 423 4168 ossa
443 4118 532 4168 Romae
553 4130 695 4188 apportata
717 4136 748 4169 ex
767 4115 868 4188 oppido
914 4125 1050 4174 vuntnrin
1062 4141 1167 4193 equora
1182 4125 1300 4194 pisces.-

363 4192 459 4246 Judoue
468 4196 555 4266 Joppe
568 4197 715 4250 ostendisse
727 4199 795 4250 inter
806 4197 869 4249 reli·
949 4203 993 4257 61,
1014 4207 1063 4257 cui
1078 4205 1182 4258 Thetis.-
1202 4203 1328 4276 Omaqm'
1340 4214 1424 4256 rector

365 4293 416 4346 qua
430 4275 558 4330 miracula
575 4280 605 4332 in
624 4279 747 4333 aedilitate
764 4297 812 4332 sua
830 4280 867 4332 M.
912 4281 1064 4355 penitorque
1079 4282 1216 4356 profitendi.
1237 4282 1313 4334 Tunc
1333 4281 1426 4334 Thetis
