3194 5156
574 590 717 654 ornan
743 591 790 654 11.
1145 594 1212 684 ⁵99

205 725 281 789 Jam
296 738 377 787 tuno
389 718 488 786 hasta
498 741 618 798 manu,
629 714 700 809 jam
713 733 795 785 tunc
806 722 936 787 cervice
948 718 1133 811 pharetrae,

204 837 246 902 Et
260 833 341 900 ferri
352 847 553 925 properatus
567 853 679 912 amor,
692 827 881 924 durataque
892 830 1003 899 multo

203 942 279 1014 Sole
291 942 437 1038 geluque
449 945 551 1025 cutis;
565 957 680 1008 tenero
693 963 757 1008 nec
768 938 856 1008 flexa
868 940 971 1008 cubili

203 1053 374 1138 Membra,
387 1051 447 1121 sed
459 1054 587 1146 ingenti
602 1075 721 1120 saxum
734 1073 913 1120 commune
926 1055 1096 1146 magistro.
1158 1065 1210 1137 ³⁹⁵

207 1169 271 1233 Vix
282 1164 365 1235 mibi
376 1165 530 1234 bissenos
541 1189 711 1233 annorum
722 1180 867 1233 torserat
877 1166 975 1234 orbes

204 1277 281 1343 Vita
292 1276 403 1358 rudis,
415 1275 571 1344 volucres
583 1299 691 1370 quum
700 1271 772 1368 jam
783 1293 986 1369 praevertere
998 1300 1130 1362 cervos,

203 1390 246 1453 Et
257 1386 417 1480 Lapithas
428 1386 570 1479 cogebat
581 1409 686 1482 equo,
699 1389 941 1482 praemissaque
952 1411 1056 1456 eursu

203 1497 286 1566 Tela
298 1501 410 1593 sequi,
423 1522 513 1590 saepe
525 1501 599 1591 ipse
610 1497 718 1591 gradu
729 1523 785 1566 me
797 1515 947 1592 praepete
958 1498 1094 1568 Chiron.

206 1613 296 1677 Dum
309 1609 407 1678 velox
419 1613 659 1704 aetas,campis
672 1609 839 1679 admissus
851 1611 973 1703 agebat
1161 1622 1215 1692 too

204 1723 388 1808 Omnibus,
404 1723 675 1819 exhaustumque
687 1749 773 1818 vago
784 1749 846 1818 per
857 1727 1010 1818 gramina
1023 1727 1129 1819 paasu

203 1833 381 1902 Laudabat
392 1833 558 1926 gaudens,
571 1851 672 1929 atque
684 1825 720 1902 in
732 1859 794 1902 sua
805 1834 892 1903 colla
907 1833 1050 1903 levabat.

205 1947 300 2037 Saepe
313 1947 413 2012 etiam
426 1947 536 2037 primo
548 1945 643 2014 iluvii
655 1962 791 2040 torpore
801 1943 943 2040 jubebat

156 2131 220 2199 423.
244 2133 435 2204 «vacuusque
456 2132 559 2185 silentia
576 2145 665 2184 servat
707 2131 851 2203 lapithas,
870 2131 1038 2204 explicatque
1057 2128 1216 2185 Thessalicos

156 2211 289 2262 llorrom
374 2225 377 2235 ¹
707 2231 786 2286 equos
806 2216 983 2286 pernicissimi
1005 2231 1107 2266 oureus.
1137 2209 1215 2266 Silius

192 2288 253 2358 39²·
266 2289 328 2340 Jom
342 2301 404 2342 tunc
416 2289 489 2343 basta
500 2307 590 2342 manu.
600 2289 663 2341 Jant
707 2289 814 2345 Italicus
827 2291 872 2344 lib.
886 2293 960 2357 Vlll,
977 2291 1046 2359 555,
1062 2292 1096 2344 de
1111 2292 1215 2363 Scipio-

157 2371 574 2441 tnncomamonoPnt.-Reg.
587 2369 663 2423 Bha-
708 2389 742 2423 ne
751 2374 870 2424 iuvene:
887 2373 981 2443 «Saepe
994 2371 1055 2424 alite
1064 2370 1158 2443 planta
1167 2368 1216 2423 ilia

156 2445 202 2500 bet
216 2446 413 2503 hanclect.En.
708 2453 858 2522 perfossum
883 2465 909 2504 ct
932 2453 1021 2523 campi
1046 2470 1095 2523 per
1124 2465 1216 2521 aperta

191 2529 252 2597 394.
271 2529 299 2581 S.
317 2547 363 2602 qq.
383 2547 405 2581 o.
426 2541 512 2582 tenero
527 2547 574 2581 nee
585 2529 663 2605 flexa
707 2530 841 2584 volantem
875 2533 935 2604 lpse
967 2529 1050 2604 pedes
1083 2531 1215 2602 praevertit

156 2610 244 2661 cubili.
258 2610 346 2662 Barth.
352 2609 434 2686 fluxa
445 2610 534 2663 cubili.
548 2639 586 2650 -
597 2611 661 2681 lieg.
708 2629 842 2684 equum·
858 2614 920 2665 Erat
936 2627 962 2665 et
973 2631 1058 2685 genus
1067 2610 1124 2663 ludi
1136 2612 1163 2662 in
1175 2629 1215 2664 oa·

156 2689 267 2740 Ebubet
279 2689 349 2742 banc
359 2691 421 2743 lect.
432 2691 478 2742 En.
709 2693 760 2744 erit
775 2691 980 2755 certaminibus,
1001 2689 1080 2764 Calpe
1095 2687 1214 2741 vocaba-

191 2768 252 2838 395.
265 2771 318 2823 Sed
328 2772 430 2844 inpenti
440 2791 532 2825 saxum
545 2791 663 2826 continu·
708 2783 768 2836 tnr,
789 2770 835 2824 ubi
852 2789 926 2841 eqnae
941 2768 1058 2822 insidens
1079 2770 1107 2819 in
1125 2767 1213 2820 medio

47 2905 50 2909 ,
156 2867 190 2901 ne
201 2849 334 2924 moqistro·
347 2851 485 2920 Superiori
499 2850 662 2920 libro,196:
707 2870 786 2903 cursu
811 2849 966 2914 desiliebat,
994 2863 1020 2901 et
1046 2847 1213 2901 velocitatem

158 2950 170 2973 ι
182 2930 243 2980 Nox
257 2930 310 2980 ruit
325 2929 351 2978 in
364 2947 488 2994 somnos,
500 2947 563 2981 oaxo
578 2929 664 2981 colla-
708 2949 798 3002 equae,
819 2949 899 3000 quum
919 2929 977 2980 loro
996 2927 1124 2992 tenebat,
1144 2946 1216 2981 osse·

156 3007 228 3060 bitur
247 3011 340 3080 ingens
359 3010 525 3073 Centaurus,
547 3008 664 3062 blandio-
709 3013 848 3084 quebatur.
862 3011 995 3064 Plutarch.
1008 3013 1045 3076 V,
1058 3011 1146 3083 Symp.

157 3103 209 3160 que
218 3087 336 3141 humeris
351 3108 378 3141 sc
390 3091 500 3141 innectit
512 3087 637 3142 Achilles.
648 3113 660 3137 ι
744 3090 805 3161 399.
819 3089 883 3141 Telo
893 3091 974 3162 requi.
985 3089 1111 3161 Assequi,
1124 3087 1165 3140 vel
1175 3107 1214 3141 se-

154 3215 160 3228 ,
192 3168 253 3236 396.
267 3168 319 3222 Vix
332 3169 400 3220 mibi
412 3170 519 3222 bissenos
533 3188 663 3220 annonam
709 3172 986 3244 qui,utasoequerer.

156 3256 262 3299 torserat
280 3248 357 3298 orbes.
377 3248 439 3299 Exn.
463 3250 541 3320 Burg.
560 3249 665 3302 conitar
744 3249 805 3316 400Ι
829 3247 933 3319 Campis
953 3243 1136 3300 admiremini
1156 3258 1214 3310 eat,

156 3328 235 3380 orbes.
248 3357 282 3367 -
293 3327 359 3380 Vide
373 3347 401 3399 p.
416 3328 483 3395 583,
498 3342 564 3380 tom.
575 3331 587 3379 l
599 3329 663 3381 Stat.
708 3338 820 3382 corrant
841 3329 857 3378 ὰ
876 3337 948 3379 toute
968 3327 1056 3386 tritu
1079 3325 1215 3377 admittere

191 3409 253 3478 397.
273 3408 334 3462 Vita
352 3410 436 3475 nadis,
454 3407 568 3464 volucres
581 3428 665 3483 quum
708 3429 802 3482 equum
812 3448 820 3474 ,
829 3425 934 3480 pourser
943 3425 980 3457 uo
991 3404 1091 3458 cheval.
1103 3405 1215 3459 Ovidius

148 3490 209 3559 jam
222 3499 374 3562 proeoertere
386 3508 480 3542 cervos.
496 3493 559 3561 Reg.
578 3493 599 3542 B
616 3489 664 3542 ha·
709 3490 739 3541 E.
750 3492 775 3553 l,
786 3489 829 3541 36.
845 3487 1005 3539 «llic'lucer
1021 3486 1150 3539 admissos
1162 3499 1216 3538 ter-

156 3567 215 3634 bet,
228 3569 338 3623 volucris
353 3589 435 3644 quum
441 3574 503 3644 jam
514 3582 665 3645 prevertere
710 3571 762 3621 ruit
773 3571 873 3620 flector
886 3585 979 3640 equos.
994 3591 1006 3614 n

155 3667 250 3701 cervos.
271 3653 317 3701 En.
336 3680 373 3690 -
392 3651 548 3704 Proeoertere
570 3669 663 3704 cernor.
744 3646 805 3713 401.
822 3645 1216 3717 Omniburoompis.Peromnes

156 3730 342 3781 Martinianum
358 3730 426 3796 hoe,
441 3733 499 3782 AEn.
517 3731 583 3798 xli,
602 3732 663 3798 345.
710 3744 832 3797 campos,
845 3739 874 3776 ut
886 3723 919 3776 ad
931 3723 1214 3776 laborotmelirrnaret.

159 3833 171 3856 ι
183 3810 230 3862 Vei
254 3811 375 3863 conterre
396 3812 510 3884 pedem,
531 3812 572 3864 vel
594 3833 664 3885 equo
745 3807 805 3873 ion.
821 3805 848 3856 L.
860 3825 888 3879 q.
903 3817 981 3876 atque
995 3806 1023 3855 in
1034 3824 1080 3856 sua
1094 3803 1164 3855 oolla
1180 3802 1216 3854 le-

155 3905 311 3962 praevertere
325 3903 451 3943 ventor.»
469 3893 567 3944 Birra.
710 3887 795 3937 valiat.
809 3888 872 3954 neg.
891 3887 911 3936 B
925 3884 1021 3949 babet,
1036 3897 1114 3958 utque
1126 3885 1155 3935 in
1171 3903 1217 3936 stoa

193 3972 253 4040 398.
269 3974 305 4022 Et
320 3971 446 4043 Lapithas
463 3973 569 4044 copebut
587 3993 663 4046 equo.
711 3980 781 4041 torpa
794 3967 906 4020 levabat.
917 3967 1217 4018 En-lovobot'lon-

156 4047 243 4102 Barth.
253 4051 491 4124 coqebateqnos.--
502 4055 565 4122 lleg.
577 4054 664 4124 Bprae-
710 4066 789 4118 quant
809 4046 939 4117 bajularet
955 4065 1015 4098 eum
1034 4048 1148 4111 fessum,
1167 4044 1217 4096 do·

157 4127 202 4179 bet
214 4129 283 4180 hanc
293 4129 355 4180 lect.
366 4130 414 4182 En.
423 4161 459 4170 -
468 4132 601 4203 Lapithas.
615 4135 665 4184 Po·
709 4149 758 4181 nec
773 4132 841 4182 virrs
854 4131 992 4200 reciperet.
1006 4129 1161 4180 Murum.

158 4207 236 4279 pulos
255 4209 406 4262 Thessaliae.
424 4239 459 4250 ·-
475 4210 559 4284 Equo.
577 4211 666 4284 Equos
745 4209 806 4276 403.
819 4210 846 4262 S.
861 4231 883 4262 e.
893 4229 922 4281 p.
931 4209 1016 4286 fluvii
1029 4220 1129 4279 torpore
1139 4209 1216 4279 jube·

157 4287 358 4359 legitCrureus,
371 4305 396 4343 et
406 4290 489 4358 bene,
502 4303 526 4343 et
540 4292 620 4344 relcrt
630 4291 664 4343 ad
710 4291 759 4342 bot.
768 4291 829 4342 Erro.
841 4291 918 4360 Burg.
930 4307 1037 4361 corpore
1044 4306 1096 4361 pro
1105 4299 1213 4359 torpore.
