3256 5160
390 546 456 633 478
625 543 660 605 P.
687 544 723 605 P.
749 539 905 606 STATII
929 541 1207 610 TflEBthOS

435 671 526 734 Voce
538 669 647 748 Deus,
659 663 817 734 totbusta
830 663 946 749 simul,
960 664 1140 761 vulgique,
1152 666 1350 766 ducumque

435 783 502 848 Tot
513 781 638 872 pariter
650 781 813 870 gemitus,
828 776 938 871 dignis
950 776 1128 846 conatibus
1140 803 1293 875 aequem:

435 889 587 959 Turbine
602 912 670 986 quo
682 913 756 960 sese
768 892 853 958 coris
866 892 1057 964 instraverit
1070 890 1180 959 audax
1390 909 1442 962 too

437 1001 575 1094 ignibus
588 999 952 1096 Evadne,fulmenque
963 1004 999 1068 in
1011 1019 1147 1094 pectore
1159 1026 1283 1095 magno
1415 1012 1418 1017 '

436 1115 629 1200 Quaesieris:
643 1135 710 1207 quo
722 1136 817 1180 more
826 1110 942 1206 jacens
955 1136 1058 1207 super
1071 1114 1186 1182 oscula
1198 1118 1278 1190 saeri

437 1225 595 1316 Corporis
607 1222 720 1290 infelix
733 1241 872 1292 excuset
882 1222 1000 1317 Tydea
1012 1222 1153 1318 conjnx,

438 1339 485 1402 Ut
496 1357 603 1402 saevos
615 1351 730 1402 narret
741 1334 857 1426 vigiles
870 1337 969 1427 Argia
981 1338 1108 1403 sorori:

435 1446 565 1514 Arcada
576 1469 645 1540 quo
656 1445 794 1539 planctu
807 1449 950 1538 genitrix
958 1447 1179 1540 Erymanthia
1190 1445 1330 1531 clamet,
1389 1463 1440 1518 805

434 1554 566 1624 Arcada
578 1572 755 1624 consumto
767 1573 958 1625 servantem
970 1562 1137 1650 sanguine
1148 1559 1277 1644 vultus,
1387 1605 1391 1612 -

433 1665 579 1749 Arcada,
593 1691 697 1761 quem
710 1671 852 1759 geminae
864 1671 988 1761 pariter
1001 1668 1125 1738 flevere
1137 1669 1303 1739 cohortes.

434 1780 498 1846 Vix
512 1799 621 1846 novus
636 1780 698 1846 ista
709 1778 821 1862 furor,
834 1782 1041 1875 veniensque
1053 1781 1228 1874 implesset
1239 1780 1374 1874 Apollo:

436 1891 478 1955 Et
489 1913 563 1955 mee
571 1886 643 1982 jam
656 1887 757 1980 longo
768 1894 892 1958 meruit
902 1893 983 1958 ratis
995 1914 1130 1985 aequore
1142 1908 1290 1984 portum.

480 2000 670 2068 Durabisne
682 2000 822 2092 procul,
835 2001 1043 2096 dominoque
1056 2001 1169 2094 legere
1181 2019 1369 2096 superstes,
1388 2013 1440 2067 810

424 2187 484 2254 798.
498 2184 549 2235 Tot
561 2186 631 2237 busta
642 2186 730 2238 simul.
743 2189 891 2254 Pacto,non
936 2201 986 2239 tur.
998 2186 1090 2240 Adest.
1098 2189 1131 2239 'in
1143 2189 1207 2258 fleg.
1219 2190 1248 2242 C.
1260 2190 1306 2241 En.
1316 2217 1353 2228 —
1361 2187 1441 2240 Arca-

387 2262 486 2335 prtelio‚
494 2282 509 2314 a
516 2262 650 2316 Thebanis
660 2265 798 2318 obtentum
803 2289 812 2340 J
818 2287 846 2320 us
854 2287 891 2320 se·
934 2267 977 2318 da.
985 2297 1020 2306 -
1028 2265 1257 2340 Parthenopaeum,
1266 2299 1303 2308 —
1311 2269 1442 2339 Eryman·

387 2343 503 2414 poliendi
524 2344 635 2414 Argivos
657 2345 713 2396 vult
736 2346 890 2402 Plutarchus
935 2347 1000 2400 thia.
1018 2347 1156 2415 Atalanta,
1168 2349 1201 2402 ab
1213 2347 1377 2422 Erymantho
1389 2350 1441 2400 Ar·

385 2423 499 2474 Theseo.
522 2425 555 2473 At
576 2426 736 2490 Pausanias,
760 2440 790 2476 ut
812 2429 891 2498 Papi·
935 2425 1016 2477 eadiae
1031 2440 1130 2478 monte.

386 2504 460 2570 nius,
484 2501 584 2575 prelio.
608 2501 680 2554 ldern
707 2505 785 2554 etiarn
810 2507 891 2557 refert
971 2505 1031 2558 806.
1051 2507 1083 2556 A.
1106 2526 1127 2559 c.
1149 2519 1292 2560 servantem
1314 2508 1441 2580 sanquine

386 2582 527 2632 Pausanias
549 2582 674 2633 victorem
692 2579 826 2632 Theseum
844 2581 891 2634 de·
935 2584 1030 2638 vultus.
1049 2587 1129 2656 hang.
1153 2586 1252 2638 lluslid.
1276 2587 1392 2658 Lipsian.
1415 2599 1441 2637 et

385 2659 516 2731 portanda
540 2673 704 2711 mortuorum
725 2678 840 2730 corpora
863 2664 890 2713 in
935 2663 1439 2739 edd.vett.seroantemsanquincvultu.

385 2741 539 2794 Eleusinum
550 2759 652 2811 agrurn,
662 2740 752 2812 ibique
762 2742 890 2812 sepelien·
971 2745 1030 2798 808.
1053 2745 1080 2798 V
1078 2747 1106 2796 ix
1127 2765 1206 2800 novus
1225 2747 1272 2799 isto
1286 2746 1376 2816 furor,
1398 2765 1441 2798 ve·

318 2849 322 2856 ‹
385 2820 417 2871 da
433 2822 575 2872 curavisse.
934 2824 1058 2894 aiensque
1070 2823 1198 2896 implesset
1207 2823 1315 2897 Apollo.
1330 2827 1383 2878 Vtae
1392 2845 1441 2879 no·

421 2902 481 2954 800.
498 2900 528 2950 T.
539 2919 564 2972 q.
574 2917 593 2952 s.
605 2917 627 2950 c.
638 2900 783 2952 instraverit
792 2900 888 2953 auda.
934 2919 981 2952 vus
997 2900 1042 2951 iste
1058 2899 1149 2954 Behot.
1169 2919 1178 2952 ι
1194 2915 1221 2954 et
1238 2922 1288 2973 pro
1302 2921 1326 2954 r.
1344 2903 1362 2954 l.
1381 2905 1438 2956 ista.

385 2983 442 3031 Put.
461 2979 613 3052 impleverat
625 2979 721 3030 audax.
738 3009 773 3018 -
789 2981 852 3051 Reg.
869 2984 890 3034 B
934 2977 1055 3032 Barthius
1077 2999 1125 3050 pro
1141 2982 1252 3054 ,veniens
1272 2980 1440 3050 conjectabat

384 3057 480 3124 habet,
500 3056 647 3128 impleverit
666 3059 767 3120 audam
784 3061 848 3132 ch.
869 3059 890 3112 C
934 3059 1041 3110 rediens.
1056 3089 1093 3098 -
1110 3061 1161 3114 Vix
1176 3079 1255 3112 novus
1264 3061 1354 3133 furor.
1371 3061 1440 3114 Novi

384 3151 502 3190 nostram
517 3135 577 3186 lect.
593 3135 639 3186 Eo.
934 3139 1056 3191 carrninis
1071 3141 1184 3193 iteratio.
1197 3143 1323 3194 Lacrartr.
1336 3171 1372 3183 -
1382 3143 1439 3193 Im-

419 3215 600 3287 801.lqrtibns
610 3213 725 3266 Evadite.
737 3215 831 3268 Ictibus
839 3236 888 3287 pro
931 3217 1031 3290 plesset.
1046 3217 1252 3293 Alii‚itnpleret.
1291 3237 1295 3244 ·

384 3295 491 3369 [quibus
508 3297 534 3346 in
553 3293 646 3346 eodem
666 3296 725 3345 Put.
739 3325 775 3333 —
788 3299 852 3366 fleg.
870 3299 890 3348 B
971 3299 1030 3367 809.
1050 3302 1151 3352 Meruit
1172 3301 1234 3354 ratis
1255 3319 1357 3373 equore
1376 3319 1439 3372 por·

383 3373 465 3426 habet
480 3373 549 3425 hanc
565 3374 626 3425 lect.
644 3375 706 3443 fleg.
725 3375 746 3426 C
763 3389 887 3430 nostram.
935 3389 997 3430 tum.
1011 3380 1174 3450 Comparare
1192 3393 1317 3452 poemata
1333 3381 1439 3446 currui,

383 3453 429 3504 En.
443 3482 478 3491 —
490 3453 597 3524 anihus
612 3452 728 3504 Euadne.
749 3455 823 3521 llaec,
840 3457 891 3508 Ca·
935 3461 1048 3510 autnavi
1058 3461 1182 3532 frequens
1191 3461 1285 3531 poetis.
1294 3461 1351 3512 Hoc
1362 3477 1440 3512 sunm

381 3534 461 3604 panei
474 3551 548 3597 uxor,
561 3533 643 3584 nimio
654 3551 744 3585 amore
756 3549 782 3585 et
794 3533 888 3588 dolore
932 3541 1030 3591 Noster
1056 3542 1144 3592 innuit
1161 3541 1221 3594 Silv.
1240 3543 1286 3606 lv,
1305 3542 1338 3608 4,
1358 3543 1391 3594 88
1413 3553 1439 3594 et

357 3673 362 3678 ¹
382 3611 530 3676 flammata,
551 3614 578 3662 in
599 3630 693 3682 rogum
715 3615 836 3686 conjugis
859 3634 888 3667 se
933 3637 988 3691 seq.
1003 3643 1014 3664 r
1021 3622 1077 3688 jam
1088 3620 1208 3674 Sidonios
1217 3639 1323 3674 emensa
1333 3620 1437 3674 labores

383 3689 636 3762 deditpraecipitem.
655 3692 783 3744 Lscrasr.
932 3697 1066 3765 Thebais,
1088 3714 1182 3772 optato
1202 3701 1309 3772 collegit
1327 3701 1438 3753 carbasa

419 3771 480 3825 803.
499 3772 610 3824 Escttret
623 3771 711 3840 Tydea
722 3775 825 3844 conjux.
839 3772 889 3824 Su·
932 3790 1044 3847 portua
1065 3778 1196 3845 Ovidius,
1217 3781 1273 3832 Art.
1288 3780 1375 3832 Amat.
1390 3779 1436 3831 lih.
1495 3847 1499 3854 ι

381 3869 445 3922 pra,
461 3868 487 3901 r.
505 3866 571 3900 121:
593 3849 661 3901 used
678 3864 774 3902 cuncta
788 3854 889 3921 jacenti
932 3855 969 3919 ll,
986 3871 1033 3906 ro:
1047 3857 1162 3910 rmediis
1175 3871 1222 3910 tua
1231 3861 1310 3930 pinus
1319 3860 1347 3910 in
1359 3856 1437 3910 undis

382 3929 474 3980 lnfelix
486 3929 601 3998 ignoscit
613 3947 695 3978 arnor.
708 3951 719 3974 r
932 3934 1064 4003 Navigat,
1086 3949 1112 3986 et
1131 3936 1228 4007 longe,
1250 3955 1330 4008 quem
1352 3949 1434 4010 peto,

417 4006 479 4073 804.
497 4007 592 4059 Sorori.
606 4006 738 4078 Deiphile.
933 4027 1026 4083 portus
1041 4013 1147 4066 abest.»

418 4084 479 4138 805,
497 4083 530 4135 A·
542 4101 568 4155 q·
577 4103 605 4155 p·
616 4102 642 4156 9·
653 4085 686 4134 E·
699 4083 800 4135 clamet.
811 4086 886 4137 Unus
969 4095 1029 4147 810.
1053 4095 1196 4149 Durabisne
1213 4093 1308 4167 procul
1316 4135 1325 4162 ,
1350 4093 1435 4148 domi-

383 4164 475 4218 Behot.
487 4183 548 4216 cunr
562 4163 697 4216 nonnullis
709 4162 767 4216 aliis
778 4163 886 4217 clamat.
934 4189 1019 4244 noque
1028 4172 1111 4245 leqere
1121 4187 1251 4246 superstes.
1264 4175 1303 4226 De
1314 4172 1366 4226 hoo
1376 4193 1434 4226 ver·

382 4272 417 4285 ·-
429 4246 478 4295 llic
489 4260 580 4294 versus
595 4244 621 4294 in
635 4247 697 4314 fleg.
715 4244 734 4292 B
750 4240 886 4296 desidera·
934 4267 965 4301 su
973 4265 1064 4324 etsqq.
1073 4252 1132 4305 vid.
1149 4255 1388 4326 suprap.671‚t,l.
