3256 5160
393 567 460 650 488
602 569 639 633 P.
664 567 701 632 P.
728 566 884 634 STATll
907 565 1238 636 ACHILLEIDOS

482 693 635 764 Solverat
645 691 791 762 OEhelio
803 692 947 762 classem
962 691 1004 762 de
1017 694 1116 763 litore
1127 711 1246 788 postor
1409 727 1445 764 πο

434 803 630 888 Dardanus,
644 809 797 874 incautas
812 804 940 874 blande
954 804 1137 899 populatus
1151 805 1325 900 Amyclas,

433 917 603 1012 Plenaque
616 920 764 984 materni
776 917 926 985 referens
940 921 1103 1012 praessgiu
1118 920 1229 985 somni

386 1039 389 1048 ’
433 1027 614 1121 Culpatum
628 1027 799 1120 relegebat
811 1032 891 1110 iter,
905 1053 972 1122 qun
986 1028 1122 1096 condita
1134 1046 1240 1122 ponto

434 1139 607 1208 Fluctibus
620 1136 816 1234 invisisjam
828 1142 944 1209 Nereis
956 1141 1103 1234 imperet
1117 1138 1233 1233 Helle:
1307 1173 1309 1178 v

383 1346 443 1396 Pul.
467 1343 549 1397 hebet
566 1343 705 1417 preludot.
716 1375 754 1397 ·-.
764 1344 894 1402 Proeludit
935 1357 997 1416 ptus
1010 1359 1076 1414 eret,
1082 1359 1108 1399 et
1118 1365 1176 1419 qun
1188 1358 1295 1412 eum,ut
1304 1347 1389 1412 siunt,
1400 1363 1443 1398 re·

382 1421 510 1476 Achilles.
525 1424 605 1476 Gesta
621 1423 731 1476 Achillis
746 1438 824 1475 erunt
841 1441 890 1495 pro
936 1423 1071 1478 demebat.
1096 1455 1133 1466 -
1159 1427 1281 1478 [neumas
1309 1423 1441 1497 Amyclas.

384 1503 504 1575 quodem
520 1503 661 1577 preludio,
680 1503 743 1556 dnm
760 1507 891 1576 experior,
935 1505 1049 1578 Amycle
1068 1504 1132 1560 urhe
1152 1505 1296 1556 Lsconiee
1317 1504 1444 1558 dicuntur

384 1584 470 1636 simne
486 1597 564 1655 aptus
580 1581 772 1655 perscribendie
785 1585 838 1635 tuis
851 1601 892 1636 re-
936 1586 1047 1639 t'ncoutoe
1066 1589 1128 1659 quia
1151 1586 1217 1639 nihil
1235 1587 1288 1639 tsle
1311 1589 1443 1658 euspiosri

382 1661 449 1730 bue,
463 1663 619 1734 metaphora
635 1676 752 1716 sumtus
768 1661 890 1716 cithsroe-
934 1679 1059 1735 poterent
1078 1685 1094 1719 s
1111 1667 1218 1733 Poride,
1235 1669 1281 1738 qui
1297 1667 1396 1738 Sparte
1412 1668 1441 1721 in

383 1739 842 1814 dis‚quiproluderevelpmludere
853 1740 891 1793 di·
934 1743 1043 1797 domum
1077 1746 1194 1800 Menelai
1222 1747 1339 1819 hospitio
1367 1765 1442 1800 reee-

383 1835 491 1890 cuntur,
503 1840 585 1893 quum
597 1833 752 1891 pmtentent
762 1839 793 1873 sc
808 1840 890 1894 expe·
934 1836 1004 1894 ptus,
1013 1843 1121 1877 uxorein
1135 1825 1191 1894 ejus
1206 1826 1300 1895 rapuit.
1312 1826 1442 1877 Ceterum
1459 1823 1463 1830 ’

382 1902 488 1952 riuntnr
504 1919 565 1954 sune
580 1899 703 1952 chordae.
720 1901 753 1952 lit
766 1900 889 1973 proludia
934 1902 1034 1955 Helene
1065 1922 1119 1956 neo
1149 1917 1205 1956 eret
1233 1902 1364 1976 Amyclis,
1392 1901 1441 1956 sed

381 1980 465 2034 Greci
476 1995 573 2033 venunt
584 1981 710 2050 epitheta,
723 1981 750 2034 id
763 1994 815 2048 eet,
827 2000 889 2035 een·
934 1979 1046 2052 Sparte,
1059 2001 1142 2054 quum
1152 1996 1228 2055 repta
1240 1983 1299 2034 fuit.
1313 1979 1365 2033 Sed
1378 1979 1441 2034 eoli-

380 2073 438 2112 tum
452 2058 525 2112 illum
541 2077 620 2132 quem
633 2059 775 2112 citharoedi
788 2060 890 2112 faciunt
934 2073 991 2112 turn
1012 2063 1099 2133 poetis
1120 2081 1205 2114 uuum
1225 2061 1314 2114 locum
1336 2081 1440 2115 sumere

382 2152 443 2193 unte
453 2157 543 2190 rerum
554 2152 581 2190 et
591 2137 891 2210 legitimumUndeele·
933 2157 982 2210 pro
998 2139 1063 2205 alio,
1078 2143 1221 2212 presertim
1236 2159 1317 2214 quum
1328 2139 1387 2194 loee
1404 2142 1441 2193 vi·

379 2231 474 2290 genter
486 2231 576 2270 noster
590 2219 716 2289 Papinius
731 2221 756 2270 in
769 2217 889 2290 Epistola
933 2219 993 2270 uine
1006 2231 1077 2271 sunt.

381 2295 891 2372 sttellsmnit‚5·rnNecquisquemest
971 2315 1013 2350 ππ.
1038 2298 1172 2374 Plenaque
1194 2301 1307 2352 materni
1328 2299 1441 2373 referens

380 2376 523 2428 illustrium
538 2389 692 2448 poetarum,
707 2381 752 2449 qui
767 2399 821 2431 non
841 2379 889 2430 eli-
931 2377 1058 2451 proeeoqia
1070 2378 1163 2432 somni.
1177 2377 1287 2431 Hecube
1299 2381 1368 2431 enim
1380 2397 1441 2453 gree

381 2455 443 2530 quid
457 2456 583 2528 operibns
596 2459 651 2510 suis
667 2458 728 2509 stilo
741 2460 888 2512 remissiore
933 2456 992 2509 vide
1018 2458 1128 2525 Poride,
1151 2460 1222 2510 inter
1239 2457 1439 2528 dormiendum,

379 2539 543 2610 preluserin
556 2537 604 2590 »id
615 2553 664 2605 est,
673 2554 735 2592 ante
744 2543 887 2611 scripserit.
933 2539 1075 2590 somniavit
1088 2555 1115 2590 se
1135 2537 1269 2590 ardentem
1286 2539 1371 2592 facem
1389 2559 1439 2612 pe·

380 2618 497 2686 Quidem
516 2618 622 2672 codices
642 2618 743 2671 habent
761 2620 888 2692 proemdet
933 2634 1005 2681 rere,
1020 2636 1131 2690 eamque
1142 2616 1217 2670 llium
1227 2617 1384 2690 depascere,
1398 2633 1440 2672 st,-

380 2697 505 2752 Achilles.
516 2701 559 2752 Sic
568 2697 666 2751 Statius
675 2697 810 2764 Theb.Vl‚
821 2719 844 2748 v.
856 2701 886 2768 4:
933 2713 986 2766 que
996 2714 1176 2749 concremare.

383 2775 553 2846 eludumque
564 2796 653 2849 super,
665 2795 718 2850 quo
729 2779 822 2829 Mortin
832 2777 889 2830 hel·
970 2776 1011 2827 23.
1029 2775 1177 2846 Culpatum.
1189 2777 1273 2838 liene;
1284 2778 1345 2847 quin
1355 2776 1439 2830 shdn·

379 2855 413 2909 lis
434 2855 587 2909 Praesudare
607 2871 696 2928 paret,
714 2875 825 2930 seseque
845 2877 888 2912 ac.
933 2851 1012 2904 nebat
1025 2873 1136 2906 uxorem
1151 2854 1278 2926 llosplll!‚
1294 2857 1368 2928 quod
1383 2869 1440 2910 em

380 2936 494 2990 condere
506 2937 599 2990 virtus.
611 2960 622 2984 ι
932 2930 1142 3004 indignissimum
1155 2936 1267 2988 fucinus.

417 3035 460 3070 20.
483 3017 607 3070 OEhah’o.
623 3017 654 3070 ld
673 3032 724 3083 m,
743 3017 887 3071 Laconico,
970 3011 1012 3077 ²4·
1031 3014 1092 3064 lam
1113 3015 1203 3066 Nereis
1220 3015 1331 3086 imperat
1351 3013 1437 3068 Helle.

380 3125 417 3138 -·
425 3096 521 3149 Pastor
529 3097 676 3150 Dardanus.
692 3099 763 3148 Paris
776 3097 888 3149 Alexan·
933 3091 1049 3161 Respicit
1063 3092 1194 3160 fabulam,
1208 3113 1261 3165 qua
1275 3094 1372 3148 dicitnr
1381 3095 1440 3148 Hel·

380 3176 585 3248 deffiphrffiiug,
601 3197 648 3230 geu
660 3180 802 3250 Troianus,
815 3179 889 3231 Pria..
933 3167 970 3234 le,
984 3170 1088 3241 fugiens
1103 3191 1162 3225 cum
1180 3174 1261 3226 fraite
1277 3173 1380 3247 Plll'yxo
1394 3176 1440 3227 fu·

381 3260 417 3308 mi
429 3268 455 3308 et
467 3256 581 3308 Hecubae
594 3257 677 3323 filius,
688 3260 734 3330 qui
746 3259 834 3311 infans
845 3279 888 3311 εχ.
933 3268 1020 3301 rorem
1036 3269 1168 3316 novercae,
1187 3251 1374 3306 conscendisse
1388 3271 1439 3305 su·

379 3339 484 3409 positus
504 3337 606 3404 fuerat,
628 3357 658 3390 ec
679 3340 749 3390 inter
767 3353 887 3410 pastores
932 3349 1005 3383 reum
1021 3334 1143 3398 arietem,
1159 3346 1189 3384 m
1204 3336 1338 3404 trajiceret
1352 3353 1438 3402 mere,

379 3415 888 3485 educatum-Dardanus,1d0;1‚Tr0.
933 3429 985 3482 qua
999 3416 1136 3483 angustius
1149 3425 1218 3478 eret,
1231 3427 1256 3465 st
1268 3416 1296 3468 in
1311 3414 1377 3467 illud
1391 3434 1438 3468 ce·

376 3496 559 3566 janue'l'roee
569 3499 638 3548 enim
651 3497 785 3550 Dardania
796 3499 887 3569 appel.
933 3489 1042 3556 cidisse,
1059 3491 1133 3563 quod
1149 3512 1180 3546 ex
1193 3496 1250 3565 ejus
1267 3497 1373 3548 nomine
1392 3515 1440 3568 sp·

379 3573 432 3626 lete
453 3576 538 3626 luet-nt
557 3593 571 3626 a
590 3574 731 3642 Dardano,
750 3578 886 3649 Troesque
931 3573 1047 3644 pelletur
1061 3573 1262 3647 Hellespontus.-
1280 3593 1312 3628 ue
1330 3575 1439 3630 tandem

379 3653 507 3704 Dardani.
523 3653 614 3705 Sciunt
628 3669 715 3706 sutem
729 3674 821 3706 ornnes
836 3659 894 3708 Pan
932 3656 1014 3706 Deum
1039 3659 1183 3722 marinam,
1198 3675 1246 3710 seu
1260 3655 1373 3710 Nereide
1396 3659 1440 3710 fs-

378 3731 562 3810 ridem,quum
575 3731 663 3792 adhuc
676 3747 854 3804 pastor-esset,
861 3749 887 3788 et
932 3750 1002 3789 ntem
1018 3739 1108 3790 fuisse.
1128 3739 1223 3810 Sioque
1238 3741 1296 3811 ipen
1311 3737 1385 3792 llelle
1404 3739 1439 3794 de

378 3813 497 3866 nondum
514 3813 695 3885 epm-entibus
710 3817 831 3884 agnitus,
839 3819 886 3887 ju·
933 3831 1064 3870 tenerent
1079 3818 1149 3888 apud
1165 3819 1300 3871 Valerium
1313 3818 1439 3874 Flaccum

378 3892 464 3946 dicem
481 3896 575 3946 sJove
589 3897 764 3946 constitutum
776 3914 832 3948 esse
844 3898 887 3949 in·
931 3896 978 3949 lib.
998 3900 1037 3962 ll,
1056 3917 1079 3950 v.
1100 3895 1162 3950 606.
1182 3899 1283 3952 -eeteri
1303 3899 1438 3972 extemplo

379 3987 418 4026 ter
429 3975 498 4027 Deae
510 3973 543 4026 de
556 3973 755 4045 pulchritudine
772 3991 885 4029 conten·
930 3977 1034 4029 subiere
1054 3991 1174 4030 ruentem
1193 3978 1339 4052 Cymothoe
1355 3979 1439 4032 Glau-

378 4050 484 4118 dentes‚
498 4070 613 4123 eumque
624 4055 783 4105 seutentiam
794 4042 885 4110 tulisse
931 4076 1031 4128 cneque
1043 4075 1139 4109 mann:
1152 4073 1227 4130 peter
1239 4059 1295 4129 ipse
1308 4057 1438 4129 profundi

378 4150 430 4202 pro
442 4135 553 4184 Venere.
929 4139 983 4190 llos
995 4139 1074 4190 etiarn
1088 4137 1177 4204 sedes,
1192 4138 1248 4190 hee
1260 4140 1368 4190 numine
1382 4151 1439 4194 trae

416 4227 457 4264 αι.
473 4211 576 4264 Blande
584 4211 732 4285 populante.
746 4215 884 4285 Rapiendo
929 4214 997 4268 didit
1005 4235 1082 4290 equo
1091 4219 1194 4288 Regna,
1203 4227 1253 4271 nee
1262 4219 1335 4273 lnois
1344 4231 1438 4272 nostes·

378 4287 477 4343 seilicet
490 4290 632 4361 Helenam,
648 4295 725 4364 cujus
735 4299 826 4348 umore
842 4313 884 4348 cu·
929 4297 1002 4351 sinus
1014 4296 1115 4351 invidet
1127 4297 1235 4353 undis.-
