3194 5156
394 507 459 595 570
601 507 636 570 P.
665 509 697 570 Ρ.
722 505 876 572 STATll
902 507 1230 574 ACHILLEIDOS

439 636 480 698 Et
490 647 605 700 umen
615 647 834 725 erectumque
846 655 966 724 genas,
979 629 1153 725 oculisque
1165 647 1357 724 vagantem,
1406 663 1439 714 9⁰

439 742 606 838 Nullaque
619 745 760 835 virginei
772 760 963 811 servantem
975 745 1069 836 signa
1080 741 1235 835 pudoris,

438 853 574 946 Defigit,
588 856 769 949 comitique
781 855 918 951 obliquo
930 856 1059 928 lumine
1073 874 1249 926 monstrat.

439 964 538 1052 Quod
551 968 617 1034 nisi
629 969 836 1060 praecipitem
848 967 975 1038 blando
986 969 1164 1063 complexa
1175 987 1327 1040 moneret

439 1075 613 1144 Deidamia
625 1079 716 1161 sinu,
731 1078 925 1174 nudataque
936 1096 1073 1172 pectora
1085 1103 1235 1174 semper,

440 1192 647 1284 Exertasque
658 1214 796 1274 manus,
810 1189 1038 1285 humerosque
1049 1194 1085 1259 in
1099 1207 1191 1261 veste
1202 1205 1346 1274 teneret,
1410 1204 1443 1270 95

441 1304 483 1366 Et
493 1299 628 1392 prodire
642 1304 741 1384 toris,
756 1317 790 1369 et
806 1325 945 1394 poscere
958 1306 1036 1370 vina
1050 1319 1178 1372 vetaret

441 1413 585 1502 Saepius,
601 1427 634 1477 et
644 1411 746 1478 fronti
757 1411 883 1480 crinale
894 1430 1075 1506 reponeret
1085 1437 1227 1496 aurum3

441 1521 600 1614 Argolicis
614 1521 756 1590 ducibus
765 1518 837 1617 jam
849 1539 931 1591 uino
943 1527 1108 1618 patuisset
1118 1521 1275 1592 Achilles.

488 1639 534 1702 Ut
546 1633 678 1726 placata
689 1634 795 1704 fames
808 1635 917 1729 epulis
930 1635 980 1702 bis
993 1652 1111 1730 terque
1127 1637 1286 1728 repostis,

430 1841 475 1898 9⁰·
492 1823 527 1877 Et
541 1838 627 1880 tamen
639 1839 803 1900 erectumque
810 1847 898 1896 gaias.
945 1827 1033 1894 milla,
1047 1829 1105 1880 AEn.
1120 1827 1173 1892 XI,
1190 1823 1250 1896 576.
1269 1826 1340 1875 «Pro
1357 1821 1450 1874 crinali

396 1908 461 1978 Reg.
477 1906 624 1978 Bprtebet‚
644 1920 761 1961 attamen
777 1921 901 1961 erectum·
945 1926 1029 1974 auro,
1047 1925 1097 1979 pro
1118 1906 1203 1976 longae
1221 1905 1336 1974 tegmine
1354 1902 1449 1975 pallae,

395 1972 445 2056 que
458 2005 554 2058 genam·
571 1990 635 2060 Reg.
655 1990 684 2042 C.
705 1987 826 2042 eamdem
839 1989 899 2040 lect.
944 1987 1058 2059 Tigridis
1070 1989 1168 2040 exurite
1183 2005 1232 2057 per
1240 1985 1350 2046 dorsum
1363 2003 1379 2035 a
1389 2001 1450 2034 rer·

394 2065 442 2116 Eo.
457 2067 675 2138 -Erectamque
693 2086 788 2141 genas,
806 2068 901 2120 oculis·
945 2071 997 2120 tice
1006 2065 1133 2140 pendent.
1145 2091 1156 2114 ι
1170 2069 1297 2119 Beaaasr.

395 2148 899 2218 queuapantmllocnoneratsignum
953 2137 957 2146 ¹
979 2147 1023 2217 98.
1042 2144 1171 2219 Argolicis
1190 2145 1296 2196 ducibus
1305 2144 1365 2216 jam
1389 2154 1453 2194 tatur

396 2221 490 2296 puellm
503 2245 509 2275 s
522 2226 636 2294 virgines
651 2229 719 2276 enim
737 2224 837 2277 vultum
853 2224 901 2278 de·
943 2227 1065 2298 patuisset
1082 2222 1206 2276 Achilles.
1228 2223 1326 2274 Versus
1349 2223 1403 2274 iste
1426 2222 1452 2271 in

395 2305 504 2354 missurn
514 2303 630 2370 habent,
643 2305 830 2379 modestusque
840 2325 902 2358 ocu·
946 2308 1008 2374 fleg.
1025 2301 1238 2364 Bdeaideratnr;
1253 2301 1326 2354 adest
1342 2302 1372 2352 in
1387 2302 1452 2368 Reg.

395 2381 451 2447 los,
464 2401 519 2434 non
529 2398 663 2454 vagantes.
946 2385 975 2438 C.
988 2385 1034 2437 Eu.

431 2459 905 2533 9²·Defist't·A¹¹¹¹01³t·-&mitia
982 2481 1026 2534 99.
1050 2461 1145 2537 Epulis
1169 2462 1205 2514 bis
1228 2473 1315 2532 terque
1337 2459 1454 2532 repostis.

395 2559 453 2612 que.
466 2540 596 2592 Diomedi.
609 2543 731 2593 Batrtttn.
947 2541 1048 2596 Gallice
1059 2545 1075 2593 a
1088 2544 1150 2596 trois
1166 2541 1277 2594 services.
1293 2541 1381 2590 Vocat
1399 2540 1455 2590 No·

431 2623 475 2691 93.
491 2622 567 2693 Quod
580 2622 630 2674 nisi
641 2621 810 2695 precipitem.
827 2621 900 2687 Nisi,
948 2636 1001 2675 ster
1009 2621 1095 2674 Theb.
1105 2624 1132 2686 Ι,
1144 2619 1212 2690 539:
1229 2617 1370 2672 tordinenr
1382 2635 1457 2670 men-

395 2700 644 2772 inquit‚Deidamia
658 2698 788 2752 Achillem
798 2697 901 2751 blaudi·
946 2719 1011 2755 ste·
1033 2703 1065 2753 Et
1086 2713 1160 2754 notat
1178 2701 1333 2752 divisionem
1354 2717 1456 2764 mon,

396 2783 491 2832 mentis
503 2781 669 2846 retinuisset,
682 2781 769 2832 statim
781 2799 841 2832 eum
852 2778 902 2830 du·
947 2799 1005 2853 que
1016 2780 1156 2832 Veteribus
1171 2779 1280 2852 triplex,
1292 2781 1457 2844 Anteeoena,
1525 2796 1527 2804 ·

397 2877 440 2910 ces
453 2859 525 2912 Graii
535 2861 728 2929 cognovissent.
742 2859 864 2912 unitas.
946 2879 1034 2927 crena,
1055 2872 1081 2911 et
1095 2877 1235 2932 pomorum
1254 2875 1351 2908 merua.
1369 2859 1459 2908 Ante·

432 2936 475 3008 94.
497 2938 635 2990 Deidamia
655 2939 729 3004 sinu,
752 2938 903 3009 nudataque
947 2958 1021 2992 coena
1040 2952 1097 2991 erat
1117 2939 1213 2990 missua
1231 2938 1347 3008 primus,
1366 2936 1459 3006 quiet

394 3027 500 3086 pectora
528 3035 636 3089 sernper.
661 3019 719 3069 Put.
755 3018 903 3088 nudataque
945 3017 1072 3092 gustatio,
1087 3033 1133 3070 seu
1152 3026 1256 3090 gustus,
1270 3027 1350 3084 etque
1374 3016 1459 3065 etiam

396 3105 522 3166 tempora·
543 3125 579 3134 -
600 3095 663 3165 Rea·
687 3097 707 3146 Β
732 3094 813 3147 habet
833 3095 902 3146 hanc
945 3093 1459 3169 promulsisvoeabstnr3quodprimam

397 3174 457 3226 lect.
478 3176 542 3244 Reg.
562 3174 598 3239 C,
613 3175 786 3246 mandataque
798 3184 902 3246 pectora
947 3177 1017 3229 sitim
1030 3175 1135 3248 antiqui
1142 3175 1203 3246 fere
1218 3173 1304 3225 mulso
1314 3171 1459 3224 sedebant.

397 3266 423 3305 et
437 3271 535 3324 supra:
552 3253 657 3305 nudata.
673 3255 719 3304 Eo.
732 3283 768 3294 -
781 3252 902 3307 Nudato-
950 3258 1044 3324 Caena,
1065 3257 1160 3308 missus
1180 3254 1313 3308 secundus
1334 3267 1413 3319 erat,
1433 3255 1460 3304 io

397 3351 455 3404 que.
467 3331 587 3384 Achillis.
948 3353 1001 3406 quo
1019 3337 1146 3406 precipui
1166 3333 1227 3386 cibi.
1253 3335 1345 3386 Mensa
1360 3351 1459 3404 pomo·

433 3427 476 3480 97.
512 3411 616 3464 Critiale
641 3422 773 3483 reponem
798 3429 902 3464 aarum.
948 3432 1005 3466 rum
1016 3417 1111 3466 missus
1121 3415 1258 3478 tertiua‚in
1270 3431 1323 3484 quo
1332 3411 1460 3464 bellaria.

397 3491 513 3560 Quidam
537 3492 647 3544 fasciam
674 3509 781 3543 auream
805 3491 904 3544 intelli·
947 3492 1015 3545 Vide
1030 3493 1147 3564 Lipsium
1162 3494 1336 3564 Antiquarum
1348 3491 1462 3542 hetia·

397 3573 628 3642 gunt‚quacrines
641 3570 799 3641 religantur:
809 3573 903 3624 fascios
949 3591 1012 3624 num
1025 3571 1071 3623 lib.
1084 3573 1128 3624 lll.
1139 3571 1180 3622 Ad
1193 3589 1223 3622 ea
1233 3589 1291 3642 quae
1302 3571 1415 3641 Lipsius
1428 3569 1462 3622 da

398 3653 468 3702 enim
492 3669 586 3702 aureas
605 3651 747 3720 gestabant
768 3654 794 3702 in
816 3652 904 3704 lroute
949 3652 1114 3705 Promulside
1135 3654 1253 3717 notarit,
1276 3649 1343 3702 adde
1365 3649 1463 3702 locum

398 3733 511 3802 virgines
520 3729 904 3796 nobiliores,instardiadema·
948 3731 1019 3784 hunc
1025 3730 1181 3784 Tertulliani
1189 3730 1222 3782 de
1229 3729 1307 3782 Pallio
1317 3751 1324 3780 ι
1335 3731 1465 3782 «Vereor

398 3811 440 3864 tia.
452 3808 505 3861 Alii
520 3829 584 3862 acus
601 3811 712 3862 crinales
728 3814 903 3882 interpretata·
949 3813 1182 3884 saoeuepsrvasit
1193 3810 1364 3875 insuetius,
1375 3827 1464 3880 φιαω

398 3901 450 3955 tur,
459 3888 554 3959 quibos
567 3891 593 3941 io
606 3890 712 3941 feminis
723 3890 904 3943 ornandorum
948 3891 1116 3944 Drusillanns
1129 3903 1154 3942 et
1165 3888 1271 3961 quidam
1282 3905 1376 3940 sersus
1384 3887 1464 3940 Clau·

398 3971 510 4022 crinium
529 3989 659 4041 compago
679 3974 850 4038 retineretur,
871 3992 904 4025 ne
948 3971 985 4023 dii
996 3970 1248 4043 quinquagenariam
1264 3967 1464 4038 promulsidem

398 4049 625 4116 larissensem,
646 4065 675 4102 ut
693 4051 904 4105 ltabetlsidoros
949 4051 1081 4117 redilicat,
1118 4049 1307 4121 suprascriptis
1342 4047 1465 4100 fortasse

398 4128 445 4182 lib.
468 4131 545 4190 Xlll;
563 4129 604 4180 rel
625 4130 740 4202 quibus,
760 4145 789 4183 ut
808 4130 904 4198 hodie,
950 4133 1047 4183 mensis
1064 4130 1270 4184 necessariam·
1291 4129 1386 4180 Posuit
1400 4148 1465 4200 pro-

400 4222 482 4280 caput
492 4207 652 4280 sculperent.
668 4211 792 4281 Virgilius
806 4209 839 4263 de
853 4211 904 4263 Ca·
951 4210 1088 4264 mulsidem
1100 4228 1151 4283 pro
1162 4212 1221 4282 ipso
1236 4207 1463 4280 promulsidem,
