3284 5162
629 541 772 604 ainau
795 539 859 606 xi.
1202 539 1267 632 395

273 665 488 751 Rescindam,
503 665 585 734 dum
596 687 651 734 me
662 669 808 735 moriens
820 667 875 736 hic
885 683 1018 760 sceptra
1029 669 1199 738 tenentem

232 793 239 804 “
273 779 703 874 Linquat,ethuucsecum
714 761 1265 870 portetminorumbradolorem'.»

273 893 376 956 Hasta
387 888 479 958 subit
489 888 586 958 velox
597 891 719 982 equitis
732 889 843 956 femur
852 891 950 973 inter,
963 892 1110 985 equique

273 999 347 1082 llia,
362 999 467 1068 letum
478 1001 611 1094 utrique
623 999 739 1067 voleus
753 1025 761 1067 :
773 998 833 1070 sed
846 999 943 1094 plaga
955 999 1100 1070 sedentis
1216 1011 1269 1066 510

272 1115 398 1180 Laxato
409 1115 507 1180 vitata
521 1135 626 1202 geum
640 1127 754 1178 tamen
764 1111 857 1178 irritu
867 1113 935 1179 voti

192 1224 196 1230 ’
272 1224 391 1315 Cuspis
403 1224 438 1288 in
450 1220 594 1315 obliquis
602 1207 733 1288 invenit
745 1220 883 1289 vulnera
895 1224 1006 1290 costis.
1062 1305 1064 1309 ι

273 1339 304 1400 lt
314 1357 464 1426 praeceps
476 1336 610 1425 sonipes
623 1335 744 1401 strictoe
755 1349 942 1402 contemtor
954 1334 1108 1420 habenae,

272 1449 425 1537 Arvaque
437 1444 619 1533 sanguineo
632 1440 745 1509 scribit
757 1442 924 1511 rutilantia
935 1465 1031 1536 gyro.

272 1553 1082 1635 Exsultat,frut1iscredensbuncessecruorem.
1217 1567 1269 1622 515

270 1664 383 1733 Credit
396 1681 431 1732 et
441 1666 513 1756 ipse
523 1680 635 1732 metu:
648 1666 725 1732 totis
733 1660 873 1760 jamque
884 1663 980 1734 exsul
992 1663 1132 1734 habenis

270 1885 492 1978 Cornipedem
503 1909 621 1954 cursus
633 1910 641 1954 ι
653 1888 838 1954 miscentur
848 1887 958 1968 frena,
971 1909 1176 1982 manusque,

271 1995 437 2088 Telaque,
450 1995 537 2064 etad
550 2013 673 2064 terram
685 1996 826 2064 turbatis
839 1996 1007 2089 gressibus
1020 1997 1119 2065 ambo

271 2108 483 2198 Praecipitant
495 2132 503 2174 ε
517 2122 555 2175 ut
565 2125 662 2175 nocte
673 2123 777 2191 riteS,
790 2131 874 2203 quas
886 2108 1021 2176 nubilus
1033 2115 1154 2176 Auster
1217 2121 1269 2174 520

224 2331 297 2384 dium
310 2353 367 2387 mea
377 2349 470 2389 morte.
482 2339 514 2389 Et
524 2355 556 2389 en
567 2354 620 2411 quo
632 2355 726 2410 prove·
799 2334 815 2389 5
820 2336 858 2391 ¹5.
865 2335 996 2402 Exsultat,
995 2335 1270 2408 fratrisciedqulrunc

224 2408 263 2463 bit
274 2413 366 2464 insana
379 2414 503 2482 ambitio,
515 2428 541 2467 et
552 2414 726 2466 vindictelu-
768 2435 948 2472 esseoruorem.
956 2419 1055 2472 Omnes
1063 2415 1268 2469 meliorescodd.

223 2512 282 2556 τοῖς
301 2495 367 2549 nihil
386 2499 459 2568 pensi
475 2497 557 2549 habet
573 2494 724 2569 Polynices,
768 2497 857 2550 Barth.
872 2499 953 2570 Lang.
971 2512 996 2551 et
1010 2497 1111 2549 Rehott.
1132 2515 1160 2562 i,
1175 2513 1208 2561 π,
1223 2495 1271 2548 illc

224 2571 288 2624 dum
304 2576 378 2627 fratri
393 2579 452 2627 vivo
469 2589 495 2627 et
509 2576 630 2628 sentienti
648 2593 725 2644 acep·
767 2595 882 2631 emerem
890 2599 900 2638 ,·
910 2579 936 2629 in
949 2577 1001 2630 alio
1012 2575 1122 2628 barthii:
1136 2577 1271 2647 ipseeruo·

223 2665 293 2705 trum
307 2655 419 2722 adimat,
433 2658 508 2725 cujus
524 2655 564 2706 vel
581 2668 725 2706 momenta·
769 2673 821 2707 rem
828 2677 839 2718 ,·
857 2659 924 2708 Dan.
943 2659 1028 2708 Peter.
1045 2667 1071 2706 ct
1085 2653 1145 2706 edd.
1161 2670 1268 2705 omnes:

222 2748 300 2783 neam
309 2736 504 2804 possessionem
514 2744 621 2804 paratus
632 2746 672 2784 est
680 2751 725 2784 ro·
737 2769 738 2772 κ
768 2755 818 2790 esse
831 2755 956 2790 cruorem.
965 2738 1069 2806 -Rep
1083 2733 1211 2798 Bhabet,
1223 2733 1271 2788 itte

222 2809 336 2865 luntario
348 2828 432 2866 morte
444 2815 563 2866 mereari.
767 2833 899 2879 cmooem3
918 2819 981 2888 Reg.
999 2817 1020 2868 C
1038 2815 1156 2868 eamdem
1174 2812 1269 2868 lectio·

259 2889 319 2945 508.
339 2893 368 2944 L.
381 2912 403 2944 e.
419 2892 445 2945 Ιι.
457 2913 476 2946 s.
489 2912 517 2965 p.
531 2893 619 2944 minor
632 2893 722 2944 umbra
768 2913 835 2947 nem.
855 2897 900 2947 En.

168 2971 169 2976 ’
221 2968 344 3023 dolorem.
360 2974 435 3024 Unus
449 2972 540 3025 Bebot.
555 2989 654 3024 memor
664 2991 723 3022 um·
788 2974 864 3027 ·516.
885 2974 971 3026 Credit
983 2975 1078 3048 etipse.
1094 2975 1223 3028 Eteoclea.

221 3047 724 3121 bra.—Minorumbradoiorem.Astys·
802 3053 863 3122 517.
882 3055 906 3104 1.
927 3070 967 3125 eq.
985 3074 1009 3104 a.
1027 3053 1107 3106 illidit
1121 3055 1149 3106 in
1161 3072 1267 3127 oepmm.

221 3143 288 3192 mos,
300 3126 328 3178 id
339 3141 387 3194 est,
400 3128 514 3190 urbane3
526 3129 723 3191 minorumbrn,
770 3153 781 3175 ι
792 3131 860 3184 Male
870 3131 989 3186 nonnulli
1000 3133 1090 3202 scripti
1099 3131 1169 3184 libri:
1180 3131 1270 3186 illudit

220 3205 282 3256 victi
293 3209 376 3276 regis,
390 3221 419 3259 ut
428 3209 561 3270 Horatll,
573 3205 623 3259 Od.
632 3225 662 3276 9,
674 3225 721 3258 22:
768 3209 794 3260 in
809 3227 914 3283 oeqmm.
927 3235 938 3259 ι
952 3211 1047 3263 Binan.

223 3306 235 3330 ⁸
245 3285 407 3358 Medumque
415 3286 510 3339 flumen
519 3286 641 3358 gentibus
649 3286 723 3338 addi·
802 3289 862 3360 ⁵¹9·
884 3291 1010 3364 Telaque,
1026 3301 1052 3341 et
1061 3291 1097 3341 ad
1106 3302 1199 3341 terram
1214 3298 1270 3342 tur*

220 3380 277 3418 tum
289 3370 386 3436 Victis,
403 3371 517 3421 minores
537 3369 642 3420 volvere
664 3387 722 3420 vor·
767 3370 1063 3445 butispressibusambo.
1082 3368 1269 3440 «Optimusli
1344 3417 1346 3422 ,

179 3507 181 3510 .
220 3447 321 3499 tices.»
766 3449 970 3520 beraliterbtec
987 3451 1119 3521 concipit:
1137 3449 1268 3522 Telaque,

256 3526 317 3595 509.
332 3527 412 3579 Hasta
422 3527 489 3579 subit
499 3525 581 3581 velox.
592 3528 672 3580 Hasta
682 3545 723 3579 su·
767 3549 878 3602 moxque
886 3531 949 3596 solo,
961 3530 1203 3602 turbatispnessibus,
1212 3545 1270 3578 um·

219 3605 255 3657 bit
263 3605 334 3675 felix
346 3607 372 3656 in
386 3605 492 3658 duobus
504 3607 660 3658 Bartbinnis.
766 3609 797 3662 bo
808 3610 985 3682 Proecipitant.
998 3610 1064 3676 Quia
1075 3608 1180 3679 negabit
1190 3607 1268 3678 Papi-

255 3683 316 3737 510.
330 3683 397 3749 Ilia,
413 3684 492 3738 letum
505 3687 607 3759 utrique
618 3685 720 3739 volens:
765 3689 839 3739 nium
848 3690 885 3740 sic
896 3689 1045 3759 scripsisse?
1054 3690 1083 3739 ln
1094 3684 1269 3738 secundent>-

217 3765 262 3818 sctl
268 3764 349 3837 plapa
359 3766 473 3818 sedentia.
484 3766 537 3817 Ilia
549 3765 647 3817 lentum
658 3767 722 3818 utti-
767 3766 1156 3837 taecodicescriptumeatmex
1164 3773 1266 3815 terrum.

217 3843 533 3916 quevolansl'ut.-Reg.
541 3843 721 3896 Bhnbetbanc
766 3845 837 3898 Nihil
851 3846 884 3897 ab
895 3848 996 3917 optimo
1007 3859 1088 3897 muto.
1100 3867 1111 3891 ι
1126 3844 1222 3895 Biim.
1233 3870 1268 3881 —

216 3921 277 3975 lect.
290 3925 353 3992 neg.
367 3925 522 3976 Cnostram.
534 3921 720 3996 En.-Plaqa.
768 3923 887 3975 Turbatis
895 3923 1025 4006 gressibus.
1040 3923 1147 3974 Turbati
1155 3937 1268 3996 pressus,

217 4003 320 4055 Vulnus
337 4017 436 4055 metum
449 4003 565 4054 irnmiait.
578 4003 705 4054 Limia-r.
766 4015 826 4054 sunt
839 4003 959 4075 permixti
975 4015 1002 4054 et
1017 4001 1149 4072 impliciti,
1167 4014 1196 4050 ut
1212 4015 1268 4053 nou

253 4079 314 4134 511.
329 4083 427 4134 Tamen
441 4083 514 4134 irritu
529 4083 589 4134 voti.
601 4083 662 4133 Non
678 4093 720 4133 to·
763 4081 1268 4156 discernaturaspectantibua,utri,cn-

191 4198 194 4204 .
217 4160 285 4227 tius,
298 4162 359 4232 quia
374 4174 538 4232 percusserat
549 4179 662 4232 equum,
676 4161 719 4212 cui
760 4165 858 4233 jusque
866 4164 925 4214 sint.
934 4163 1001 4214 Nam
1010 4176 1104 4214 etmox
1116 4159 1269 4213 nenaealm·

217 4236 297 4290 letum
309 4239 425 4293 volebat.
764 4238 865 4310 pliciti,
875 4257 1001 4311 nexuque
1012 4255 1115 4290 manua.
1129 4261 1141 4285 ι
