<?xml version="1.0" encoding="UTF-8"?>
<!DOCTYPE html PUBLIC "-//W3C//DTD XHTML 1.0 Transitional//EN"
    "http://www.w3.org/TR/xhtml1/DTD/xhtml1-transitional.dtd">
<html xmlns="http://www.w3.org/1999/xhtml" xml:lang="en" lang="en">
 <head>
  <title>
</title>
<meta http-equiv="Content-Type" content="text/html;charset=utf-8" />
  <meta name='ocr-system' content='tesseract 3.04.00' />
  <meta name='ocr-capabilities' content='ocr_page ocr_carea ocr_par ocr_line ocrx_word'/>
</head>
<body>
  <div class='ocr_page' id='page_1' title='image "./libriquinquesil00statgoog_0335.png"; bbox 0 0 3272 5166; ppageno 0'>
   <div class='ocr_carea' id='block_1_1' title="bbox 384 501 1195 597">
    <p class='ocr_par' dir='ltr' id='par_1_1' title="bbox 384 501 1195 597">
     <span class='ocr_line' id='line_1_1' title="bbox 384 501 1195 597; baseline 0.009 -7"><span class='ocrx_word' id='word_1_1' title='bbox 384 527 449 590; x_wconf 67' lang='lat' dir='ltr'><strong>aaa</strong></span> <span class='ocrx_word' id='word_1_2' title='bbox 617 501 652 589; x_wconf 73' lang='grc' dir='ltr'><strong>Ρ.</strong></span> <span class='ocrx_word' id='word_1_3' title='bbox 679 528 715 592; x_wconf 82' lang='lat' dir='ltr'><strong>r.</strong></span> <span class='ocrx_word' id='word_1_4' title='bbox 740 527 895 593; x_wconf 79' lang='lat' dir='ltr'><strong>srarrr</strong></span> <span class='ocrx_word' id='word_1_5' title='bbox 920 529 1195 597; x_wconf 78' lang='lat' dir='ltr'><strong>aflaoaroos</strong></span> 
     </span>
    </p>
   </div>
   <div class='ocr_carea' id='block_1_2' title="bbox 428 651 1432 1405">
    <p class='ocr_par' dir='ltr' id='par_1_2' title="bbox 428 651 1301 750">
     <span class='ocr_line' id='line_1_2' title="bbox 428 651 1301 750; baseline 0.006 -30"><span class='ocrx_word' id='word_1_6' title='bbox 428 651 770 738; x_wconf 60' lang='lat' dir='ltr'><strong>oecumenicos,</strong></span> <span class='ocrx_word' id='word_1_7' title='bbox 780 656 956 748; x_wconf 82' lang='lat' dir='ltr'><strong>patriaque</strong></span> <span class='ocrx_word' id='word_1_8' title='bbox 968 657 1003 722; x_wconf 92' lang='lat' dir='ltr'><strong>in</strong></span> <span class='ocrx_word' id='word_1_9' title='bbox 1018 654 1098 724; x_wconf 83' lang='lat' dir='ltr'><strong>sede</strong></span> <span class='ocrx_word' id='word_1_10' title='bbox 1109 674 1280 750; x_wconf 87' lang='lat' dir='ltr'><strong>reponunt</strong></span> <span class='ocrx_word' id='word_1_11' title='bbox 1299 729 1301 732; x_wconf 69' lang='grc'><strong>,</strong></span> 
     </span>
    </p>

    <p class='ocr_par' dir='ltr' id='par_1_3' title="bbox 428 762 1429 860">
     <span class='ocr_line' id='line_1_3' title="bbox 428 762 1429 860; baseline 0.002 -30"><span class='ocrx_word' id='word_1_12' title='bbox 428 768 558 856; x_wconf 86' lang='lat' dir='ltr'><strong>Corpus</strong></span> <span class='ocrx_word' id='word_1_13' title='bbox 568 762 935 858; x_wconf 79' lang='lat' dir='ltr'><strong>adoraturnzrepetunt</strong></span> <span class='ocrx_word' id='word_1_14' title='bbox 946 789 1026 834; x_wconf 86' lang='lat' dir='ltr'><strong>mox</strong></span> <span class='ocrx_word' id='word_1_15' title='bbox 1036 765 1124 834; x_wconf 87' lang='lat' dir='ltr'><strong>bella</strong></span> <span class='ocrx_word' id='word_1_16' title='bbox 1136 770 1281 860; x_wconf 79' lang='lat' dir='ltr'><strong>peractio</strong></span> <span class='ocrx_word' id='word_1_17' title='bbox 1376 799 1429 852; x_wconf 86' lang='lat'><strong>79⁰</strong></span> 
     </span>
    </p>

    <p class='ocr_par' dir='ltr' id='par_1_4' title="bbox 431 871 1218 968">
     <span class='ocr_line' id='line_1_4' title="bbox 431 871 1218 968; baseline 0.005 -28"><span class='ocrx_word' id='word_1_18' title='bbox 431 873 601 946; x_wconf 82' lang='lat' dir='ltr'>Laudibus</span> <span class='ocrx_word' id='word_1_19' title='bbox 613 900 625 940; x_wconf 84' lang='lat'><strong>·.</strong></span> <span class='ocrx_word' id='word_1_20' title='bbox 635 871 788 942; x_wconf 89' lang='lat' dir='ltr'><strong>hicvicta</strong></span> <span class='ocrx_word' id='word_1_21' title='bbox 799 876 930 968; x_wconf 66' lang='lat' dir='ltr'><strong>genitor</strong></span> <span class='ocrx_word' id='word_1_22' title='bbox 939 873 1155 944; x_wconf 79' lang='lat' dir='ltr'><strong>lacrimabilis</strong></span> <span class='ocrx_word' id='word_1_23' title='bbox 1169 878 1218 944; x_wconf 86' lang='lat' dir='ltr'><strong>ira</strong></span> 
     </span>
    </p>

    <p class='ocr_par' dir='ltr' id='par_1_5' title="bbox 431 982 1370 1190">
     <span class='ocr_line' id='line_1_5' title="bbox 431 982 1284 1081; baseline 0.004 -29"><span class='ocrx_word' id='word_1_24' title='bbox 431 987 619 1076; x_wconf 77' lang='lat' dir='ltr'><strong>Congemit,</strong></span> <span class='ocrx_word' id='word_1_25' title='bbox 631 1001 665 1053; x_wconf 88' lang='lat' dir='ltr'><strong>et</strong></span> <span class='ocrx_word' id='word_1_26' title='bbox 675 982 811 1052; x_wconf 87' lang='lat' dir='ltr'><strong>tandem</strong></span> <span class='ocrx_word' id='word_1_27' title='bbox 823 987 922 1052; x_wconf 87' lang='lat' dir='ltr'><strong>matri</strong></span> <span class='ocrx_word' id='word_1_28' title='bbox 935 984 1013 1054; x_wconf 85' lang='lat' dir='ltr'><strong>date</strong></span> <span class='ocrx_word' id='word_1_29' title='bbox 1025 985 1107 1055; x_wconf 86' lang='lat' dir='ltr'><strong>llere</strong></span> <span class='ocrx_word' id='word_1_30' title='bbox 1118 1003 1284 1081; x_wconf 85' lang='lat' dir='ltr'><strong>potestas:</strong></span> 
     </span>
     <span class='ocr_line' id='line_1_6' title="bbox 483 1095 1370 1190; baseline 0.003 -27"><span class='ocrx_word' id='word_1_31' title='bbox 483 1095 741 1164; x_wconf 80' lang='lat' dir='ltr'><strong>«Lustralemne</strong></span> <span class='ocrx_word' id='word_1_32' title='bbox 752 1097 834 1165; x_wconf 81' lang='lat' dir='ltr'><strong>ferio</strong></span> <span class='ocrx_word' id='word_1_33' title='bbox 843 1120 905 1188; x_wconf 75' lang='lat' dir='ltr'><strong>ego</strong></span> <span class='ocrx_word' id='word_1_34' title='bbox 917 1114 966 1181; x_wconf 89' lang='lat' dir='ltr'><strong>te,</strong></span> <span class='ocrx_word' id='word_1_35' title='bbox 979 1122 1065 1190; x_wconf 90' lang='lat' dir='ltr'><strong>puer</strong></span> <span class='ocrx_word' id='word_1_36' title='bbox 1076 1097 1218 1190; x_wconf 78' lang='lat' dir='ltr'><strong>inclyte,</strong></span> <span class='ocrx_word' id='word_1_37' title='bbox 1229 1097 1370 1182; x_wconf 87' lang='lat' dir='ltr'><strong>Thebis,</strong></span> 
     </span>
    </p>

    <p class='ocr_par' dir='ltr' id='par_1_6' title="bbox 432 1205 1241 1301">
     <span class='ocr_line' id='line_1_7' title="bbox 432 1205 1241 1301; baseline 0.006 -29"><span class='ocrx_word' id='word_1_38' title='bbox 432 1209 666 1301; x_wconf 88' lang='lat' dir='ltr'><strong>Devotumque</strong></span> <span class='ocrx_word' id='word_1_39' title='bbox 677 1224 793 1301; x_wconf 84' lang='lat' dir='ltr'><strong>caput,</strong></span> <span class='ocrx_word' id='word_1_40' title='bbox 805 1205 880 1276; x_wconf 83' lang='lat' dir='ltr'><strong>vilis</strong></span> <span class='ocrx_word' id='word_1_41' title='bbox 894 1231 956 1275; x_wconf 88' lang='lat' dir='ltr'><strong>ceu</strong></span> <span class='ocrx_word' id='word_1_42' title='bbox 968 1226 1076 1277; x_wconf 87' lang='lat' dir='ltr'><strong>mater</strong></span> <span class='ocrx_word' id='word_1_43' title='bbox 1088 1208 1241 1278; x_wconf 82' lang='lat' dir='ltr'><strong>alebam?</strong></span> 
     </span>
    </p>

    <p class='ocr_par' dir='ltr' id='par_1_7' title="bbox 432 1315 1432 1405">
     <span class='ocr_line' id='line_1_8' title="bbox 432 1315 1432 1405; baseline 0.005 -22"><span class='ocrx_word' id='word_1_44' title='bbox 432 1315 532 1404; x_wconf 90' lang='lat' dir='ltr'><strong>Quod</strong></span> <span class='ocrx_word' id='word_1_45' title='bbox 544 1316 659 1388; x_wconf 85' lang='lat' dir='ltr'><strong>molita</strong></span> <span class='ocrx_word' id='word_1_46' title='bbox 671 1318 786 1388; x_wconf 83' lang='lat' dir='ltr'><strong>nefas?</strong></span> <span class='ocrx_word' id='word_1_47' title='bbox 797 1321 852 1388; x_wconf 90' lang='lat' dir='ltr'><strong>cui</strong></span> <span class='ocrx_word' id='word_1_48' title='bbox 863 1335 995 1386; x_wconf 87' lang='lat' dir='ltr'><strong>tantum</strong></span> <span class='ocrx_word' id='word_1_49' title='bbox 1006 1322 1115 1388; x_wconf 86' lang='lat' dir='ltr'><strong>invisa</strong></span> <span class='ocrx_word' id='word_1_50' title='bbox 1127 1325 1297 1389; x_wconf 79' lang='lat' dir='ltr'>Deorum?</span> <span class='ocrx_word' id='word_1_51' title='bbox 1381 1334 1432 1405; x_wconf 82' lang='lat'><strong>79⁵</strong></span> 
     </span>
    </p>
   </div>
   <div class='ocr_carea' id='block_1_3' title="bbox 388 1530 1442 4291">
    <p class='ocr_par' dir='ltr' id='par_1_8' title="bbox 388 1530 1442 4291">
     <span class='ocr_line' id='line_1_9' title="bbox 388 1530 1434 1591; baseline 0.003 -9"><span class='ocrx_word' id='word_1_52' title='bbox 388 1530 451 1584; x_wconf 76' lang='lat' dir='ltr'><strong>Plus</strong></span> <span class='ocrx_word' id='word_1_53' title='bbox 470 1533 539 1584; x_wconf 88' lang='lat' dir='ltr'><strong>enim</strong></span> <span class='ocrx_word' id='word_1_54' title='bbox 554 1547 611 1588; x_wconf 82' lang='lat' dir='ltr'><strong>erat</strong></span> <span class='ocrx_word' id='word_1_55' title='bbox 627 1553 743 1590; x_wconf 74' lang='lat' dir='ltr'><strong>terram</strong></span> <span class='ocrx_word' id='word_1_56' title='bbox 754 1537 888 1590; x_wconf 83' lang='lat' dir='ltr'><strong>conditam</strong></span> <span class='ocrx_word' id='word_1_57' title='bbox 932 1548 998 1588; x_wconf 79' lang='lat' dir='ltr'><strong>tun.</strong></span> <span class='ocrx_word' id='word_1_58' title='bbox 1011 1565 1047 1579; x_wconf 88' lang='lat'>—</span> <span class='ocrx_word' id='word_1_59' title='bbox 1058 1538 1172 1591; x_wconf 74' lang='lat' dir='ltr'><strong>Peractis</strong></span> <span class='ocrx_word' id='word_1_60' title='bbox 1182 1537 1325 1590; x_wconf 60' lang='lat' dir='ltr'><strong>hattone</strong></span> <span class='ocrx_word' id='word_1_61' title='bbox 1333 1533 1434 1588; x_wconf 75' lang='lat' dir='ltr'><strong>tundo</strong></span> 
     </span>
     <span class='ocr_line' id='line_1_10' title="bbox 389 1610 1434 1687; baseline 0.005 -27"><span class='ocrx_word' id='word_1_62' title='bbox 389 1610 498 1677; x_wconf 85' lang='lat' dir='ltr'><strong>urbem,</strong></span> <span class='ocrx_word' id='word_1_63' title='bbox 512 1630 591 1684; x_wconf 84' lang='lat' dir='ltr'><strong>qnam</strong></span> <span class='ocrx_word' id='word_1_64' title='bbox 610 1615 724 1684; x_wconf 85' lang='lat' dir='ltr'><strong>primum</strong></span> <span class='ocrx_word' id='word_1_65' title='bbox 738 1615 888 1670; x_wconf 70' lang='lat' dir='ltr'><strong>condidisse</strong></span> <span class='ocrx_word' id='word_1_66' title='bbox 932 1614 1268 1687; x_wconf 78' lang='lat' dir='ltr'><strong>abtqnedubioadmnrem</strong></span> <span class='ocrx_word' id='word_1_67' title='bbox 1274 1616 1434 1682; x_wconf 81' lang='lat' dir='ltr'><strong>Romanum,</strong></span> 
     </span>
     <span class='ocr_line' id='line_1_11' title="bbox 390 1691 1435 1766; baseline 0.004 -26"><span class='ocrx_word' id='word_1_68' title='bbox 390 1707 421 1740; x_wconf 86' lang='lat' dir='ltr'><strong>ac</strong></span> <span class='ocrx_word' id='word_1_69' title='bbox 436 1691 567 1742; x_wconf 70' lang='lat' dir='ltr'><strong>moenibus</strong></span> <span class='ocrx_word' id='word_1_70' title='bbox 584 1692 709 1760; x_wconf 70' lang='lat' dir='ltr'><strong>danitae,</strong></span> <span class='ocrx_word' id='word_1_71' title='bbox 728 1693 803 1764; x_wconf 80' lang='lat' dir='ltr'><strong>qaod&#39;</strong></span> <span class='ocrx_word' id='word_1_72' title='bbox 817 1691 887 1747; x_wconf 75' lang='lat' dir='ltr'><strong>ead·</strong></span> <span class='ocrx_word' id='word_1_73' title='bbox 932 1713 985 1766; x_wconf 88' lang='lat' dir='ltr'><strong>quo</strong></span> <span class='ocrx_word' id='word_1_74' title='bbox 1001 1695 1123 1766; x_wconf 71' lang='lat' dir='ltr'><strong>insignes·</strong></span> <span class='ocrx_word' id='word_1_75' title='bbox 1134 1695 1182 1746; x_wconf 80' lang='lat' dir='ltr'><strong>viri</strong></span> <span class='ocrx_word' id='word_1_76' title='bbox 1201 1713 1251 1765; x_wconf 89' lang='lat' dir='ltr'><strong>pro</strong></span> <span class='ocrx_word' id='word_1_77' title='bbox 1267 1693 1369 1745; x_wconf 76' lang='lat' dir='ltr'><strong>Rostris</strong></span> <span class='ocrx_word' id='word_1_78' title='bbox 1382 1710 1435 1765; x_wconf 89' lang='lat' dir='ltr'><strong>pu·</strong></span> 
     </span>
     <span class='ocr_line' id='line_1_12' title="bbox 389 1768 1399 1845; baseline 0.003 -26"><span class='ocrx_word' id='word_1_79' title='bbox 389 1785 448 1820; x_wconf 84' lang='lat' dir='ltr'><strong>mua</strong></span> <span class='ocrx_word' id='word_1_80' title='bbox 460 1781 486 1820; x_wconf 90' lang='lat' dir='ltr'><strong>et</strong></span> <span class='ocrx_word' id='word_1_81' title='bbox 497 1768 627 1840; x_wconf 78' lang='lat' dir='ltr'><strong>Amphion</strong></span> <span class='ocrx_word' id='word_1_82' title='bbox 641 1771 769 1823; x_wconf 77' lang='lat' dir='ltr'><strong>fecmnt.</strong></span> <span class='ocrx_word' id='word_1_83' title='bbox 783 1771 825 1824; x_wconf 88' lang='lat' dir='ltr'><strong>Sic</strong></span> <span class='ocrx_word' id='word_1_84' title='bbox 839 1770 888 1823; x_wconf 84' lang='lat' dir='ltr'><strong>Ga·</strong></span> <span class='ocrx_word' id='word_1_85' title='bbox 931 1771 1000 1825; x_wconf 80' lang='lat' dir='ltr'><strong>blico</strong></span> <span class='ocrx_word' id='word_1_86' title='bbox 1013 1785 1200 1845; x_wconf 70' lang='lat' dir='ltr'><strong>postmortem</strong></span> <span class='ocrx_word' id='word_1_87' title='bbox 1212 1769 1399 1824; x_wconf 84' lang='lat' dir='ltr'><strong>laudabantur.</strong></span> 
     </span>
     <span class='ocr_line' id='line_1_13' title="bbox 390 1845 1434 1922; baseline 0.005 -25"><span class='ocrx_word' id='word_1_88' title='bbox 390 1845 478 1898; x_wconf 79' lang='lat' dir='ltr'><strong>millae</strong></span> <span class='ocrx_word' id='word_1_89' title='bbox 503 1847 633 1902; x_wconf 73' lang='lat' dir='ltr'><strong>oecuodus</strong></span> <span class='ocrx_word' id='word_1_90' title='bbox 654 1849 743 1901; x_wconf 74' lang='lat' dir='ltr'><strong>lionae</strong></span> <span class='ocrx_word' id='word_1_91' title='bbox 763 1849 891 1903; x_wconf 86' lang='lat' dir='ltr'><strong>fundator</strong></span> <span class='ocrx_word' id='word_1_92' title='bbox 969 1870 1030 1922; x_wconf 84' lang='lat'><strong>79¹·</strong></span> <span class='ocrx_word' id='word_1_93' title='bbox 1046 1851 1233 1904; x_wconf 66' lang='lat' dir='ltr'><strong>hedmabt&#39;lir.</strong></span> <span class='ocrx_word' id='word_1_94' title='bbox 1244 1852 1315 1919; x_wconf 87' lang='lat' dir='ltr'><strong>Quia</strong></span> <span class='ocrx_word' id='word_1_95' title='bbox 1326 1848 1434 1902; x_wconf 87' lang='lat' dir='ltr'><strong>dolebat</strong></span> 
     </span>
     <span class='ocr_line' id='line_1_14' title="bbox 390 1925 1435 2003; baseline 0.002 -25"><span class='ocrx_word' id='word_1_96' title='bbox 390 1925 493 1994; x_wconf 82' lang='lat' dir='ltr'><strong>dictur,</strong></span> <span class='ocrx_word' id='word_1_97' title='bbox 508 1925 581 2000; x_wconf 89' lang='lat' dir='ltr'><strong>qnod</strong></span> <span class='ocrx_word' id='word_1_98' title='bbox 598 1927 687 1982; x_wconf 81' lang='lat' dir='ltr'><strong>Gallae</strong></span> <span class='ocrx_word' id='word_1_99' title='bbox 701 1929 819 2000; x_wconf 79' lang='lat' dir='ltr'><strong>expulit,</strong></span> <span class='ocrx_word' id='word_1_100' title='bbox 834 1932 889 1982; x_wconf 82' lang='lat' dir='ltr'><strong>llo·</strong></span> <span class='ocrx_word' id='word_1_101' title='bbox 935 1929 1029 1984; x_wconf 70' lang='lat' dir='ltr'><strong>frende</strong></span> <span class='ocrx_word' id='word_1_102' title='bbox 1048 1929 1189 2003; x_wconf 85' lang='lat' dir='ltr'><strong>deceptum</strong></span> <span class='ocrx_word' id='word_1_103' title='bbox 1209 1947 1224 1980; x_wconf 85' lang='lat' dir='ltr'><strong>a</strong></span> <span class='ocrx_word' id='word_1_104' title='bbox 1242 1929 1313 1995; x_wconf 80' lang='lat' dir='ltr'><strong>filio,</strong></span> <span class='ocrx_word' id='word_1_105' title='bbox 1332 1941 1358 1980; x_wconf 88' lang='lat' dir='ltr'><strong>et</strong></span> <span class='ocrx_word' id='word_1_106' title='bbox 1374 1947 1435 1980; x_wconf 84' lang='lat' dir='ltr'><strong>enm</strong></span> 
     </span>
     <span class='ocr_line' id='line_1_15' title="bbox 390 2006 1366 2080; baseline 0.006 -24"><span class='ocrx_word' id='word_1_107' title='bbox 390 2023 513 2078; x_wconf 87' lang='lat' dir='ltr'><strong>mamque</strong></span> <span class='ocrx_word' id='word_1_108' title='bbox 525 2006 558 2058; x_wconf 89' lang='lat' dir='ltr'><strong>ab</strong></span> <span class='ocrx_word' id='word_1_109' title='bbox 571 2025 664 2060; x_wconf 85' lang='lat' dir='ltr'><strong>eorum</strong></span> <span class='ocrx_word' id='word_1_110' title='bbox 675 2009 754 2061; x_wconf 73' lang='lat' dir='ltr'><strong>armis</strong></span> <span class='ocrx_word' id='word_1_111' title='bbox 765 2027 838 2080; x_wconf 71' lang='lat' dir='ltr'><strong>perne</strong></span> <span class='ocrx_word' id='word_1_112' title='bbox 847 2027 891 2062; x_wconf 86' lang='lat' dir='ltr'><strong>ex·</strong></span> <span class='ocrx_word' id='word_1_113' title='bbox 934 2014 1017 2064; x_wconf 79' lang='lat' dir='ltr'><strong>iratus</strong></span> <span class='ocrx_word' id='word_1_114' title='bbox 1029 2011 1137 2064; x_wconf 89' lang='lat' dir='ltr'><strong>nolebat</strong></span> <span class='ocrx_word' id='word_1_115' title='bbox 1149 2011 1219 2062; x_wconf 83' lang='lat' dir='ltr'><strong>llere.</strong></span> <span class='ocrx_word' id='word_1_116' title='bbox 1238 2011 1366 2062; x_wconf 70' lang='lat' dir='ltr'><strong>Laeana.</strong></span> 
     </span>
     <span class='ocr_line' id='line_1_16' title="bbox 390 2083 1437 2162; baseline 0.005 -26"><span class='ocrx_word' id='word_1_117' title='bbox 390 2085 513 2136; x_wconf 77' lang='lat' dir='ltr'><strong>etinctem</strong></span> <span class='ocrx_word' id='word_1_118' title='bbox 527 2083 661 2154; x_wconf 82' lang='lat' dir='ltr'><strong>liberavit,</strong></span> <span class='ocrx_word' id='word_1_119' title='bbox 676 2103 707 2138; x_wconf 90' lang='lat' dir='ltr'><strong>ac</strong></span> <span class='ocrx_word' id='word_1_120' title='bbox 721 2089 843 2140; x_wconf 77' lang='lat' dir='ltr'><strong>certarit.</strong></span> <span class='ocrx_word' id='word_1_121' title='bbox 854 2117 891 2128; x_wconf 95' lang='lat'><em>—</em></span> <span class='ocrx_word' id='word_1_122' title='bbox 972 2091 1031 2162; x_wconf 85' lang='lat'><strong>793.</strong></span> <span class='ocrx_word' id='word_1_123' title='bbox 1051 2090 1242 2157; x_wconf 63' lang='lat' dir='ltr'><strong>mortemne,</strong></span> <span class='ocrx_word' id='word_1_124' title='bbox 1257 2105 1309 2142; x_wconf 89' lang='lat' dir='ltr'><strong>etc.</strong></span> <span class='ocrx_word' id='word_1_125' title='bbox 1321 2091 1371 2142; x_wconf 84' lang='lat' dir='ltr'><strong>llic</strong></span> <span class='ocrx_word' id='word_1_126' title='bbox 1385 2090 1437 2141; x_wconf 83' lang='lat' dir='ltr'><strong>Le·</strong></span> 
     </span>
     <span class='ocr_line' id='line_1_17' title="bbox 390 2165 1436 2237; baseline 0.003 -20"><span class='ocrx_word' id='word_1_127' title='bbox 390 2165 485 2229; x_wconf 74' lang='lat' dir='ltr'><strong>Sertis,</strong></span> <span class='ocrx_word' id='word_1_128' title='bbox 505 2177 554 2216; x_wconf 88' lang='lat' dir='ltr'><strong>etc.</strong></span> <span class='ocrx_word' id='word_1_129' title='bbox 577 2165 733 2226; x_wconf 59' lang='lat' dir='ltr'><strong>§tatemer</strong></span> <span class='ocrx_word' id='word_1_130' title='bbox 751 2166 892 2237; x_wconf 68' lang='lat' dir='ltr'><strong>intelligit,</strong></span> <span class='ocrx_word' id='word_1_131' title='bbox 935 2173 1064 2222; x_wconf 80' lang='lat' dir='ltr'><strong>etantius:</strong></span> <span class='ocrx_word' id='word_1_132' title='bbox 1082 2169 1225 2222; x_wconf 71' lang='lat' dir='ltr'><strong>«Laenate</strong></span> <span class='ocrx_word' id='word_1_133' title='bbox 1240 2170 1370 2222; x_wconf 81' lang='lat' dir='ltr'><strong>civitatem</strong></span> <span class='ocrx_word' id='word_1_134' title='bbox 1383 2167 1436 2220; x_wconf 87' lang='lat' dir='ltr'><strong>hu-</strong></span> 
     </span>
     <span class='ocr_line' id='line_1_18' title="bbox 391 2241 1438 2316; baseline 0.002 -22"><span class='ocrx_word' id='word_1_135' title='bbox 391 2260 446 2314; x_wconf 84' lang='lat' dir='ltr'><strong>qoe</strong></span> <span class='ocrx_word' id='word_1_136' title='bbox 458 2244 529 2294; x_wconf 80' lang='lat' dir='ltr'><strong>Deos</strong></span> <span class='ocrx_word' id='word_1_137' title='bbox 546 2261 592 2296; x_wconf 77' lang='lat' dir='ltr'><strong>aea</strong></span> <span class='ocrx_word' id='word_1_138' title='bbox 606 2241 745 2311; x_wconf 73' lang='lat' dir='ltr'><strong>homines,</strong></span> <span class='ocrx_word' id='word_1_139' title='bbox 758 2261 824 2316; x_wconf 79' lang='lat' dir='ltr'><strong>quoe</strong></span> <span class='ocrx_word' id='word_1_140' title='bbox 840 2244 891 2297; x_wconf 92' lang='lat' dir='ltr'><strong>ho-</strong></span> <span class='ocrx_word' id='word_1_141' title='bbox 935 2265 1014 2300; x_wconf 86' lang='lat' dir='ltr'><strong>mana</strong></span> <span class='ocrx_word' id='word_1_142' title='bbox 1023 2246 1110 2300; x_wconf 75' lang='lat' dir='ltr'><strong>horae</strong></span> <span class='ocrx_word' id='word_1_143' title='bbox 1120 2246 1238 2299; x_wconf 83' lang='lat' dir='ltr'><strong>Gallione</strong></span> <span class='ocrx_word' id='word_1_144' title='bbox 1248 2261 1288 2299; x_wconf 82' lang='lat' dir='ltr'><strong>eat</strong></span> <span class='ocrx_word' id='word_1_145' title='bbox 1298 2265 1366 2300; x_wconf 83' lang='lat' dir='ltr'><strong>moa:</strong></span> <span class='ocrx_word' id='word_1_146' title='bbox 1376 2263 1438 2297; x_wconf 86' lang='lat' dir='ltr'><strong>narn</strong></span> 
     </span>
     <span class='ocr_line' id='line_1_19' title="bbox 392 2321 1439 2397; baseline 0 -23"><span class='ocrx_word' id='word_1_147' title='bbox 392 2341 457 2374; x_wconf 87' lang='lat' dir='ltr'><strong>nore</strong></span> <span class='ocrx_word' id='word_1_148' title='bbox 474 2337 570 2375; x_wconf 83' lang='lat' dir='ltr'><strong>eoctoa</strong></span> <span class='ocrx_word' id='word_1_149' title='bbox 584 2322 728 2390; x_wconf 80' lang='lat' dir='ltr'><strong>volebant,</strong></span> <span class='ocrx_word' id='word_1_150' title='bbox 745 2341 892 2396; x_wconf 81' lang='lat' dir='ltr'><strong>proteqae·</strong></span> <span class='ocrx_word' id='word_1_151' title='bbox 936 2323 1034 2397; x_wconf 76' lang='lat' dir='ltr'><strong>aliqnia</strong></span> <span class='ocrx_word' id='word_1_152' title='bbox 1045 2323 1079 2376; x_wconf 83' lang='lat' dir='ltr'><strong>de</strong></span> <span class='ocrx_word' id='word_1_153' title='bbox 1093 2326 1266 2395; x_wconf 62' lang='lat' dir='ltr'><strong>epentieaimie</strong></span> <span class='ocrx_word' id='word_1_154' title='bbox 1284 2321 1439 2395; x_wconf 74' lang='lat' dir='ltr'><strong>pellicieba-</strong></span> 
     </span>
     <span class='ocr_line' id='line_1_20' title="bbox 391 2399 1438 2475; baseline 0.002 -23"><span class='ocrx_word' id='word_1_155' title='bbox 391 2399 498 2452; x_wconf 78' lang='lat' dir='ltr'><strong>bentar.</strong></span> <span class='ocrx_word' id='word_1_156' title='bbox 517 2403 547 2452; x_wconf 83' lang='lat' dir='ltr'><strong>ln</strong></span> <span class='ocrx_word' id='word_1_157' title='bbox 565 2419 638 2453; x_wconf 87' lang='lat' dir='ltr'><strong>more</strong></span> <span class='ocrx_word' id='word_1_158' title='bbox 656 2403 736 2453; x_wconf 58' lang='lat' dir='ltr'><strong>mam</strong></span> <span class='ocrx_word' id='word_1_159' title='bbox 752 2416 807 2454; x_wconf 85' lang='lat' dir='ltr'><strong>erat</strong></span> <span class='ocrx_word' id='word_1_160' title='bbox 821 2421 892 2456; x_wconf 82' lang='lat' dir='ltr'><strong>moo-</strong></span> <span class='ocrx_word' id='word_1_161' title='bbox 936 2417 980 2456; x_wconf 88' lang='lat' dir='ltr'><strong>tur</strong></span> <span class='ocrx_word' id='word_1_162' title='bbox 993 2404 1121 2475; x_wconf 73' lang='lat' dir='ltr'><strong>premiis,</strong></span> <span class='ocrx_word' id='word_1_163' title='bbox 1135 2416 1164 2454; x_wconf 91' lang='lat' dir='ltr'><strong>ut</strong></span> <span class='ocrx_word' id='word_1_164' title='bbox 1180 2419 1207 2456; x_wconf 83' lang='lat' dir='ltr'><strong>se</strong></span> <span class='ocrx_word' id='word_1_165' title='bbox 1221 2401 1254 2454; x_wconf 87' lang='lat' dir='ltr'><strong>ad</strong></span> <span class='ocrx_word' id='word_1_166' title='bbox 1268 2401 1321 2454; x_wconf 90' lang='lat' dir='ltr'><strong>boc</strong></span> <span class='ocrx_word' id='word_1_167' title='bbox 1338 2399 1438 2454; x_wconf 82' lang='lat' dir='ltr'><strong>vende-</strong></span> 
     </span>
     <span class='ocr_line' id='line_1_21' title="bbox 390 2478 1439 2555; baseline 0.003 -26"><span class='ocrx_word' id='word_1_168' title='bbox 390 2492 501 2530; x_wconf 86' lang='lat' dir='ltr'><strong>tnornro</strong></span> <span class='ocrx_word' id='word_1_169' title='bbox 510 2497 622 2550; x_wconf 87' lang='lat' dir='ltr'><strong>corpora</strong></span> <span class='ocrx_word' id='word_1_170' title='bbox 633 2478 741 2532; x_wconf 82' lang='lat' dir='ltr'><strong>floribus</strong></span> <span class='ocrx_word' id='word_1_171' title='bbox 751 2478 893 2552; x_wconf 69' lang='lat' dir='ltr'><strong>adsperge·</strong></span> <span class='ocrx_word' id='word_1_172' title='bbox 935 2497 990 2546; x_wconf 67' lang='lat' dir='ltr'><strong>ret,</strong></span> <span class='ocrx_word' id='word_1_173' title='bbox 1002 2484 1049 2555; x_wconf 87' lang='lat' dir='ltr'><strong>qui</strong></span> <span class='ocrx_word' id='word_1_174' title='bbox 1063 2499 1134 2534; x_wconf 84' lang='lat' dir='ltr'><strong>anno</strong></span> <span class='ocrx_word' id='word_1_175' title='bbox 1146 2495 1205 2533; x_wconf 86' lang='lat' dir='ltr'><strong>toto</strong></span> <span class='ocrx_word' id='word_1_176' title='bbox 1216 2480 1331 2553; x_wconf 76' lang='lat' dir='ltr'><strong>publicis</strong></span> <span class='ocrx_word' id='word_1_177' title='bbox 1345 2483 1439 2534; x_wconf 79' lang='lat' dir='ltr'><strong>sumti·</strong></span> 
     </span>
     <span class='ocr_line' id='line_1_22' title="bbox 391 2558 1439 2633; baseline 0.001 -23"><span class='ocrx_word' id='word_1_178' title='bbox 391 2577 420 2610; x_wconf 84' lang='lat' dir='ltr'><strong>re</strong></span> <span class='ocrx_word' id='word_1_179' title='bbox 430 2576 461 2611; x_wconf 86' lang='lat' dir='ltr'><strong>ac</strong></span> <span class='ocrx_word' id='word_1_180' title='bbox 470 2560 598 2611; x_wconf 80' lang='lat' dir='ltr'><strong>venerari.</strong></span> <span class='ocrx_word' id='word_1_181' title='bbox 608 2560 651 2612; x_wconf 89' lang='lat' dir='ltr'><strong>Sic</strong></span> <span class='ocrx_word' id='word_1_182' title='bbox 661 2561 793 2629; x_wconf 70' lang='lat' dir='ltr'><strong>Angustus</strong></span> <span class='ocrx_word' id='word_1_183' title='bbox 802 2559 893 2632; x_wconf 84' lang='lat' dir='ltr'><strong>prola·</strong></span> <span class='ocrx_word' id='word_1_184' title='bbox 935 2561 986 2614; x_wconf 83' lang='lat' dir='ltr'><strong>bna</strong></span> <span class='ocrx_word' id='word_1_185' title='bbox 1001 2561 1121 2614; x_wconf 85' lang='lat' dir='ltr'><strong>elebatur</strong></span> <span class='ocrx_word' id='word_1_186' title='bbox 1134 2560 1288 2633; x_wconf 78' lang='lat' dir='ltr'><strong>purioribus</strong></span> <span class='ocrx_word' id='word_1_187' title='bbox 1302 2559 1381 2626; x_wconf 68' lang='lat' dir='ltr'><strong>cibit,</strong></span> <span class='ocrx_word' id='word_1_188' title='bbox 1393 2558 1439 2611; x_wconf 81' lang='lat' dir='ltr'><strong>de·</strong></span> 
     </span>
     <span class='ocr_line' id='line_1_23' title="bbox 392 2637 1439 2714; baseline 0.002 -25"><span class='ocrx_word' id='word_1_189' title='bbox 392 2652 449 2690; x_wconf 80' lang='lat' dir='ltr'><strong>tum</strong></span> <span class='ocrx_word' id='word_1_190' title='bbox 465 2657 480 2690; x_wconf 90' lang='lat' dir='ltr'><strong>e</strong></span> <span class='ocrx_word' id='word_1_191' title='bbox 493 2637 624 2711; x_wconf 83' lang='lat' dir='ltr'><strong>penetrali</strong></span> <span class='ocrx_word' id='word_1_192' title='bbox 640 2657 737 2710; x_wconf 83' lang='lat' dir='ltr'><strong>corpus</strong></span> <span class='ocrx_word' id='word_1_193' title='bbox 750 2638 892 2694; x_wconf 78' lang='lat' dir='ltr'><strong>Alexandri</strong></span> <span class='ocrx_word' id='word_1_194' title='bbox 936 2644 1015 2714; x_wconf 86' lang='lat' dir='ltr'><strong>nique</strong></span> <span class='ocrx_word' id='word_1_195' title='bbox 1027 2654 1100 2694; x_wconf 88' lang='lat' dir='ltr'><strong>certo</strong></span> <span class='ocrx_word' id='word_1_196' title='bbox 1115 2655 1142 2695; x_wconf 90' lang='lat' dir='ltr'><strong>et</strong></span> <span class='ocrx_word' id='word_1_197' title='bbox 1153 2641 1274 2694; x_wconf 74' lang='lat' dir='ltr'><strong>sollemni</strong></span> <span class='ocrx_word' id='word_1_198' title='bbox 1284 2638 1328 2692; x_wconf 89' lang='lat' dir='ltr'><strong>die</strong></span> <span class='ocrx_word' id='word_1_199' title='bbox 1338 2657 1387 2711; x_wconf 88' lang='lat' dir='ltr'><strong>par</strong></span> <span class='ocrx_word' id='word_1_200' title='bbox 1396 2652 1439 2691; x_wconf 82' lang='lat' dir='ltr'><strong>to·</strong></span> 
     </span>
     <span class='ocr_line' id='line_1_24' title="bbox 391 2717 1440 2791; baseline -0.001 -20"><span class='ocrx_word' id='word_1_201' title='bbox 391 2719 483 2789; x_wconf 72' lang='lat' dir='ltr'><strong>Magni</strong></span> <span class='ocrx_word' id='word_1_202' title='bbox 495 2717 602 2771; x_wconf 79' lang='lat' dir='ltr'><strong>floribus</strong></span> <span class='ocrx_word' id='word_1_203' title='bbox 612 2717 743 2791; x_wconf 77' lang='lat' dir='ltr'><strong>adspersis</strong></span> <span class='ocrx_word' id='word_1_204' title='bbox 752 2734 891 2773; x_wconf 77' lang='lat' dir='ltr'><strong>veneratus</strong></span> <span class='ocrx_word' id='word_1_205' title='bbox 937 2733 989 2772; x_wconf 83' lang='lat' dir='ltr'><strong>tam</strong></span> <span class='ocrx_word' id='word_1_206' title='bbox 1001 2721 1133 2772; x_wconf 82' lang='lat' dir='ltr'><strong>civitatem</strong></span> <span class='ocrx_word' id='word_1_207' title='bbox 1145 2718 1258 2786; x_wconf 79' lang='lat' dir='ltr'><strong>ductus,</strong></span> <span class='ocrx_word' id='word_1_208' title='bbox 1272 2737 1305 2770; x_wconf 81' lang='lat' dir='ltr'><strong>ex</strong></span> <span class='ocrx_word' id='word_1_209' title='bbox 1319 2717 1385 2770; x_wconf 87' lang='lat' dir='ltr'><strong>urbe</strong></span> <span class='ocrx_word' id='word_1_210' title='bbox 1396 2737 1440 2770; x_wconf 80' lang='lat' dir='ltr'><strong>ex·</strong></span> 
     </span>
     <span class='ocr_line' id='line_1_25' title="bbox 393 2797 1440 2872; baseline -0.002 -20"><span class='ocrx_word' id='word_1_211' title='bbox 393 2813 442 2852; x_wconf 79' lang='lat' dir='ltr'><strong>eat.</strong></span> <span class='ocrx_word' id='word_1_212' title='bbox 457 2800 490 2850; x_wconf 80' lang='lat' dir='ltr'><strong>Et</strong></span> <span class='ocrx_word' id='word_1_213' title='bbox 505 2799 629 2872; x_wconf 67' lang='lat' dir='ltr'><strong>Virgilian</strong></span> <span class='ocrx_word' id='word_1_214' title='bbox 642 2801 700 2852; x_wconf 79' lang='lat' dir='ltr'><strong>AEn.</strong></span> <span class='ocrx_word' id='word_1_215' title='bbox 717 2803 768 2866; x_wconf 87' lang='lat' dir='ltr'><strong>vt,</strong></span> <span class='ocrx_word' id='word_1_216' title='bbox 783 2819 808 2854; x_wconf 83' lang='lat' dir='ltr'><strong>v.</strong></span> <span class='ocrx_word' id='word_1_217' title='bbox 824 2801 891 2870; x_wconf 70' lang='lat'><strong>884:</strong></span> <span class='ocrx_word' id='word_1_218' title='bbox 937 2811 977 2851; x_wconf 84' lang='lat' dir='ltr'><strong>tra</strong></span> <span class='ocrx_word' id='word_1_219' title='bbox 996 2802 1115 2871; x_wconf 86' lang='lat' dir='ltr'><strong>pomaria</strong></span> <span class='ocrx_word' id='word_1_220' title='bbox 1139 2801 1207 2852; x_wconf 69' lang='lat' dir='ltr'><strong>aazia</strong></span> <span class='ocrx_word' id='word_1_221' title='bbox 1230 2797 1404 2850; x_wconf 78' lang='lat' dir='ltr'><strong>occidebatur</strong></span> <span class='ocrx_word' id='word_1_222' title='bbox 1423 2817 1440 2850; x_wconf 83' lang='lat' dir='ltr'><strong>a</strong></span> 
     </span>
     <span class='ocr_line' id='line_1_26' title="bbox 396 2875 1438 2952; baseline -0.005 -20"><span class='ocrx_word' id='word_1_223' title='bbox 396 2878 539 2932; x_wconf 70' lang='lat' dir='ltr'><strong>«manibus</strong></span> <span class='ocrx_word' id='word_1_224' title='bbox 559 2878 620 2932; x_wconf 87' lang='lat' dir='ltr'><strong>date</strong></span> <span class='ocrx_word' id='word_1_225' title='bbox 639 2876 691 2932; x_wconf 78' lang='lat' dir='ltr'><strong>lilia</strong></span> <span class='ocrx_word' id='word_1_226' title='bbox 710 2879 806 2952; x_wconf 77' lang='lat' dir='ltr'><strong>plenia,</strong></span> <span class='ocrx_word' id='word_1_227' title='bbox 826 2883 893 2934; x_wconf 88' lang='lat' dir='ltr'><strong>Pur·</strong></span> <span class='ocrx_word' id='word_1_228' title='bbox 937 2876 1211 2950; x_wconf 77' lang='lat' dir='ltr'><strong>populn.aSedquod</strong></span> <span class='ocrx_word' id='word_1_229' title='bbox 1222 2875 1303 2929; x_wconf 83' lang='lat' dir='ltr'><strong>Gallia</strong></span> <span class='ocrx_word' id='word_1_230' title='bbox 1316 2878 1438 2936; x_wconf 60' lang='lat' dir='ltr'><strong>universe</strong></span> 
     </span>
     <span class='ocr_line' id='line_1_27' title="bbox 392 2954 1440 3032; baseline -0.003 -22"><span class='ocrx_word' id='word_1_231' title='bbox 392 2977 492 3031; x_wconf 84' lang='lat' dir='ltr'><strong>pnreoa</strong></span> <span class='ocrx_word' id='word_1_232' title='bbox 508 2977 628 3032; x_wconf 72' lang='lat' dir='ltr'><strong>spargam</strong></span> <span class='ocrx_word' id='word_1_233' title='bbox 643 2959 752 3013; x_wconf 75' lang='lat' dir='ltr'><strong>florea.»</strong></span> <span class='ocrx_word' id='word_1_234' title='bbox 768 2959 892 3032; x_wconf 85' lang='lat' dir='ltr'><strong>Sepulcra</strong></span> <span class='ocrx_word' id='word_1_235' title='bbox 937 2957 1055 3010; x_wconf 73' lang='lat' dir='ltr'><strong>attribuit</strong></span> <span class='ocrx_word' id='word_1_236' title='bbox 1065 2955 1292 3024; x_wconf 79' lang='lat' dir='ltr'><strong>Lactantius,hoc</strong></span> <span class='ocrx_word' id='word_1_237' title='bbox 1300 2954 1334 3008; x_wconf 89' lang='lat' dir='ltr'><strong>de</strong></span> <span class='ocrx_word' id='word_1_238' title='bbox 1345 2957 1440 3008; x_wconf 72' lang='lat' dir='ltr'><strong>Maesi-</strong></span> 
     </span>
     <span class='ocr_line' id='line_1_28' title="bbox 394 3034 1441 3110; baseline -0.006 -18"><span class='ocrx_word' id='word_1_239' title='bbox 394 3041 474 3092; x_wconf 86' lang='lat' dir='ltr'><strong>etiam</strong></span> <span class='ocrx_word' id='word_1_240' title='bbox 488 3037 598 3091; x_wconf 63' lang='grc' dir='ltr'><strong>θοι-ἔδω</strong></span> <span class='ocrx_word' id='word_1_241' title='bbox 610 3057 770 3110; x_wconf 73' lang='lat' dir='ltr'><strong>consperto,</strong></span> <span class='ocrx_word' id='word_1_242' title='bbox 783 3058 814 3091; x_wconf 86' lang='lat' dir='ltr'><strong>ac</strong></span> <span class='ocrx_word' id='word_1_243' title='bbox 826 3041 892 3091; x_wconf 79' lang='lat' dir='ltr'><strong>roais</strong></span> <span class='ocrx_word' id='word_1_244' title='bbox 936 3036 1062 3089; x_wconf 85' lang='lat' dir='ltr'><strong>lientibue</strong></span> <span class='ocrx_word' id='word_1_245' title='bbox 1077 3036 1198 3108; x_wconf 83' lang='lat' dir='ltr'><strong>proprie,</strong></span> <span class='ocrx_word' id='word_1_246' title='bbox 1213 3049 1239 3087; x_wconf 90' lang='lat' dir='ltr'><strong>et</strong></span> <span class='ocrx_word' id='word_1_247' title='bbox 1251 3037 1278 3087; x_wconf 89' lang='lat' dir='ltr'><strong>in</strong></span> <span class='ocrx_word' id='word_1_248' title='bbox 1291 3034 1441 3108; x_wconf 76' lang='lat' dir='ltr'><strong>pestilentia</strong></span> 
     </span>
     <span class='ocr_line' id='line_1_29' title="bbox 394 3114 1439 3189; baseline -0.002 -21"><span class='ocrx_word' id='word_1_249' title='bbox 394 3131 503 3183; x_wconf 84' lang='lat' dir='ltr'><strong>ornata,</strong></span> <span class='ocrx_word' id='word_1_250' title='bbox 518 3119 564 3189; x_wconf 84' lang='lat' dir='ltr'><strong>qai</strong></span> <span class='ocrx_word' id='word_1_251' title='bbox 579 3136 636 3170; x_wconf 80' lang='lat' dir='ltr'><strong>moe</strong></span> <span class='ocrx_word' id='word_1_252' title='bbox 651 3119 728 3170; x_wconf 81' lang='lat' dir='ltr'><strong>etiam</strong></span> <span class='ocrx_word' id='word_1_253' title='bbox 740 3118 893 3171; x_wconf 77' lang='lat' dir='ltr'><strong>Christiania</strong></span> <span class='ocrx_word' id='word_1_254' title='bbox 938 3135 970 3169; x_wconf 85' lang='lat' dir='ltr'><strong>ex</strong></span> <span class='ocrx_word' id='word_1_255' title='bbox 985 3117 1105 3169; x_wconf 88' lang='lat' dir='ltr'><strong>Petronio</strong></span> <span class='ocrx_word' id='word_1_256' title='bbox 1117 3119 1198 3168; x_wconf 81' lang='lat' dir='ltr'><strong>refert</strong></span> <span class='ocrx_word' id='word_1_257' title='bbox 1211 3115 1316 3169; x_wconf 81' lang='lat' dir='ltr'><strong>Set-tine</strong></span> <span class='ocrx_word' id='word_1_258' title='bbox 1332 3114 1366 3168; x_wconf 89' lang='lat' dir='ltr'><strong>ad</strong></span> <span class='ocrx_word' id='word_1_259' title='bbox 1380 3117 1439 3167; x_wconf 78' lang='lat' dir='ltr'><strong>AEo.</strong></span> 
     </span>
     <span class='ocr_line' id='line_1_30' title="bbox 394 3193 1441 3266; baseline -0.002 -18"><span class='ocrx_word' id='word_1_260' title='bbox 394 3194 557 3250; x_wconf 72' lang='lat' dir='ltr'><strong>observetur.</strong></span> <span class='ocrx_word' id='word_1_261' title='bbox 569 3197 642 3249; x_wconf 78' lang='lat' dir='ltr'><strong>Serta</strong></span> <span class='ocrx_word' id='word_1_262' title='bbox 654 3210 715 3250; x_wconf 75' lang='lat' dir='ltr'><strong>anot</strong></span> <span class='ocrx_word' id='word_1_263' title='bbox 724 3196 766 3249; x_wconf 80' lang='lat' dir='ltr'><strong>vel</strong></span> <span class='ocrx_word' id='word_1_264' title='bbox 776 3215 893 3263; x_wconf 68' lang='lat' dir='ltr'><strong>corona,</strong></span> <span class='ocrx_word' id='word_1_265' title='bbox 937 3197 981 3248; x_wconf 88' lang='lat' dir='ltr'><strong>lll.</strong></span> <span class='ocrx_word' id='word_1_266' title='bbox 997 3194 1171 3250; x_wconf 76' lang='lat' dir='ltr'><strong>Observatum</strong></span> <span class='ocrx_word' id='word_1_267' title='bbox 1187 3196 1266 3248; x_wconf 87' lang='lat' dir='ltr'><strong>etiam</strong></span> <span class='ocrx_word' id='word_1_268' title='bbox 1284 3193 1349 3247; x_wconf 90' lang='lat' dir='ltr'><strong>illud</strong></span> <span class='ocrx_word' id='word_1_269' title='bbox 1368 3193 1441 3266; x_wconf 83' lang='lat' dir='ltr'><strong>apud</strong></span> 
     </span>
     <span class='ocr_line' id='line_1_31' title="bbox 394 3269 1441 3347; baseline -0.004 -19"><span class='ocrx_word' id='word_1_270' title='bbox 394 3295 410 3328; x_wconf 87' lang='lat' dir='ltr'><strong>a</strong></span> <span class='ocrx_word' id='word_1_271' title='bbox 427 3277 519 3341; x_wconf 76' lang='lat' dir='ltr'><strong>tertia,</strong></span> <span class='ocrx_word' id='word_1_272' title='bbox 537 3275 563 3327; x_wconf 92' lang='lat' dir='ltr'><strong>id</strong></span> <span class='ocrx_word' id='word_1_273' title='bbox 582 3289 635 3341; x_wconf 82' lang='lat' dir='ltr'><strong>eet,</strong></span> <span class='ocrx_word' id='word_1_274' title='bbox 655 3274 763 3347; x_wconf 73' lang='lat' dir='ltr'><strong>digestis</strong></span> <span class='ocrx_word' id='word_1_275' title='bbox 781 3276 894 3328; x_wconf 79' lang='lat' dir='ltr'><strong>invicem</strong></span> <span class='ocrx_word' id='word_1_276' title='bbox 938 3273 1130 3339; x_wconf 64' lang='lat' dir='ltr'><strong>Atheniense,</strong></span> <span class='ocrx_word' id='word_1_277' title='bbox 1153 3274 1199 3346; x_wconf 78' lang='lat' dir='ltr'><strong>qui</strong></span> <span class='ocrx_word' id='word_1_278' title='bbox 1221 3269 1358 3343; x_wconf 67' lang='grc' dir='ltr'><strong>φιρμᾶιινς</strong></span> <span class='ocrx_word' id='word_1_279' title='bbox 1379 3271 1441 3324; x_wconf 83' lang='lat' dir='ltr'><strong>illoe</strong></span> 
     </span>
     <span class='ocr_line' id='line_1_32' title="bbox 395 3351 1438 3425; baseline -0.002 -21"><span class='ocrx_word' id='word_1_280' title='bbox 395 3351 503 3408; x_wconf 82' lang='lat' dir='ltr'><strong>floribus</strong></span> <span class='ocrx_word' id='word_1_281' title='bbox 519 3353 729 3424; x_wconf 79' lang='lat' dir='ltr'><strong>frondihuaque,</strong></span> <span class='ocrx_word' id='word_1_282' title='bbox 750 3351 894 3422; x_wconf 74' lang='lat' dir='ltr'><strong>exquibus</strong></span> <span class='ocrx_word' id='word_1_283' title='bbox 938 3353 1087 3420; x_wconf 81' lang='lat' dir='ltr'><strong>vocabant,</strong></span> <span class='ocrx_word' id='word_1_284' title='bbox 1106 3354 1247 3425; x_wconf 75' lang='lat' dir='ltr'><strong>quiricae</strong></span> <span class='ocrx_word' id='word_1_285' title='bbox 1266 3351 1438 3406; x_wconf 80' lang='lat' dir='ltr'><strong>devovebant.</strong></span> 
     </span>
     <span class='ocr_line' id='line_1_33' title="bbox 393 3429 1440 3502; baseline -0.001 -18"><span class='ocrx_word' id='word_1_286' title='bbox 393 3429 429 3484; x_wconf 83' lang='lat' dir='ltr'><strong>ab</strong></span> <span class='ocrx_word' id='word_1_287' title='bbox 438 3433 517 3484; x_wconf 90' lang='lat' dir='ltr'><strong>initio</strong></span> <span class='ocrx_word' id='word_1_288' title='bbox 524 3449 629 3483; x_wconf 77' lang='lat' dir='ltr'><strong>corona</strong></span> <span class='ocrx_word' id='word_1_289' title='bbox 640 3429 754 3482; x_wconf 80' lang='lat' dir='ltr'><strong>fiebant:</strong></span> <span class='ocrx_word' id='word_1_290' title='bbox 766 3429 806 3482; x_wconf 81' lang='lat' dir='ltr'><strong>vel</strong></span> <span class='ocrx_word' id='word_1_291' title='bbox 818 3429 895 3483; x_wconf 79' lang='lat' dir='ltr'><strong>floret</strong></span> <span class='ocrx_word' id='word_1_292' title='bbox 938 3432 1034 3486; x_wconf 73' lang='lat' dir='ltr'><strong>Gracia</strong></span> <span class='ocrx_word' id='word_1_293' title='bbox 1051 3435 1130 3486; x_wconf 87' lang='lat' dir='ltr'><strong>etiam</strong></span> <span class='ocrx_word' id='word_1_294' title='bbox 1143 3429 1287 3502; x_wconf 58' lang='lat' dir='ltr'><strong>antipam</strong></span> <span class='ocrx_word' id='word_1_295' title='bbox 1301 3432 1440 3496; x_wconf 84' lang='lat' dir='ltr'><strong>dicuntur,</strong></span> 
     </span>
     <span class='ocr_line' id='line_1_34' title="bbox 395 3507 1442 3582; baseline 0 -22"><span class='ocrx_word' id='word_1_296' title='bbox 395 3527 449 3560; x_wconf 86' lang='lat' dir='ltr'><strong>nna</strong></span> <span class='ocrx_word' id='word_1_297' title='bbox 462 3507 592 3580; x_wconf 79' lang='lat' dir='ltr'><strong>simulque</strong></span> <span class='ocrx_word' id='word_1_298' title='bbox 606 3507 753 3579; x_wconf 64' lang='lat' dir='ltr'><strong>colligatos.</strong></span> <span class='ocrx_word' id='word_1_299' title='bbox 770 3539 806 3549; x_wconf 94' lang='lat'>—</span> <span class='ocrx_word' id='word_1_300' title='bbox 824 3509 895 3564; x_wconf 68' lang='lat' dir='ltr'><strong>Veris</strong></span> <span class='ocrx_word' id='word_1_301' title='bbox 940 3523 966 3563; x_wconf 89' lang='lat' dir='ltr'><strong>et</strong></span> <span class='ocrx_word' id='word_1_302' title='bbox 977 3507 1138 3582; x_wconf 69' lang='grc' dir='ltr'><strong>πιμψιῖμιτι.</strong></span> <span class='ocrx_word' id='word_1_303' title='bbox 1151 3513 1194 3565; x_wconf 80' lang='lat' dir='ltr'><strong>sic</strong></span> <span class='ocrx_word' id='word_1_304' title='bbox 1207 3511 1298 3564; x_wconf 87' lang='lat' dir='ltr'><strong>urbem</strong></span> <span class='ocrx_word' id='word_1_305' title='bbox 1311 3529 1385 3563; x_wconf 81' lang='lat' dir='ltr'><strong>tuam</strong></span> <span class='ocrx_word' id='word_1_306' title='bbox 1398 3527 1442 3561; x_wconf 80' lang='lat' dir='ltr'><strong>ex·</strong></span> 
     </span>
     <span class='ocr_line' id='line_1_35' title="bbox 397 3585 1442 3663; baseline 0.001 -24"><span class='ocrx_word' id='word_1_307' title='bbox 397 3587 494 3640; x_wconf 79' lang='lat' dir='ltr'><strong>honore</strong></span> <span class='ocrx_word' id='word_1_308' title='bbox 505 3587 598 3640; x_wconf 74' lang='lat' dir='ltr'><strong>solato.</strong></span> <span class='ocrx_word' id='word_1_309' title='bbox 616 3585 645 3638; x_wconf 92' lang='lat' dir='ltr'><strong>ld</strong></span> <span class='ocrx_word' id='word_1_310' title='bbox 659 3601 712 3654; x_wconf 81' lang='lat' dir='ltr'><strong>eat,</strong></span> <span class='ocrx_word' id='word_1_311' title='bbox 730 3588 820 3652; x_wconf 80' lang='lat' dir='ltr'><strong>Rosia,</strong></span> <span class='ocrx_word' id='word_1_312' title='bbox 837 3607 895 3659; x_wconf 72' lang='lat' dir='ltr'><strong>qne</strong></span> <span class='ocrx_word' id='word_1_313' title='bbox 939 3591 1044 3660; x_wconf 78' lang='lat' dir='ltr'><strong>piarent</strong></span> <span class='ocrx_word' id='word_1_314' title='bbox 1051 3589 1244 3663; x_wconf 80' lang='lat' dir='ltr'><strong>Ephesii,apud</strong></span> <span class='ocrx_word' id='word_1_315' title='bbox 1251 3589 1442 3642; x_wconf 83' lang='lat' dir='ltr'><strong>Philoetretum</strong></span> 
     </span>
     <span class='ocr_line' id='line_1_36' title="bbox 396 3664 1442 3741; baseline 0 -21"><span class='ocrx_word' id='word_1_316' title='bbox 396 3680 457 3720; x_wconf 81' lang='lat' dir='ltr'><strong>eunt</strong></span> <span class='ocrx_word' id='word_1_317' title='bbox 467 3668 542 3718; x_wconf 77' lang='lat' dir='ltr'><strong>Varie</strong></span> <span class='ocrx_word' id='word_1_318' title='bbox 549 3664 645 3718; x_wconf 84' lang='lat' dir='ltr'><strong>honor.</strong></span> <span class='ocrx_word' id='word_1_319' title='bbox 655 3666 801 3720; x_wconf 77' lang='lat' dir='ltr'><strong>-Soluto</strong></span> <span class='ocrx_word' id='word_1_320' title='bbox 809 3667 858 3719; x_wconf 86' lang='lat' dir='ltr'><strong>Vel</strong></span> <span class='ocrx_word' id='word_1_321' title='bbox 868 3670 894 3720; x_wconf 90' lang='lat' dir='ltr'><strong>in</strong></span> <span class='ocrx_word' id='word_1_322' title='bbox 939 3667 984 3720; x_wconf 90' lang='lat' dir='ltr'><strong>lib.</strong></span> <span class='ocrx_word' id='word_1_323' title='bbox 1005 3671 1046 3722; x_wconf 81' lang='grc' dir='ltr'><strong>Ν.</strong></span> <span class='ocrx_word' id='word_1_324' title='bbox 1068 3668 1198 3723; x_wconf 83' lang='lat' dir='ltr'><strong>Eumdem</strong></span> <span class='ocrx_word' id='word_1_325' title='bbox 1216 3688 1322 3741; x_wconf 85' lang='lat' dir='ltr'><strong>quoque</strong></span> <span class='ocrx_word' id='word_1_326' title='bbox 1338 3686 1442 3721; x_wconf 85' lang='lat' dir='ltr'><strong>morem</strong></span> 
     </span>
     <span class='ocr_line' id='line_1_37' title="bbox 396 3744 1442 3820; baseline 0 -22"><span class='ocrx_word' id='word_1_327' title='bbox 396 3759 465 3798; x_wconf 79' lang='lat' dir='ltr'><strong>terta</strong></span> <span class='ocrx_word' id='word_1_328' title='bbox 475 3765 529 3798; x_wconf 87' lang='lat' dir='ltr'><strong>non</strong></span> <span class='ocrx_word' id='word_1_329' title='bbox 539 3744 633 3816; x_wconf 71' lang='lat' dir='ltr'><strong>ligato,</strong></span> <span class='ocrx_word' id='word_1_330' title='bbox 642 3745 682 3799; x_wconf 83' lang='lat' dir='ltr'><strong>vel</strong></span> <span class='ocrx_word' id='word_1_331' title='bbox 692 3761 794 3818; x_wconf 85' lang='lat' dir='ltr'><strong>aperto.</strong></span> <span class='ocrx_word' id='word_1_332' title='bbox 940 3745 1072 3820; x_wconf 70' lang='lat' dir='ltr'><strong>observari</strong></span> <span class='ocrx_word' id='word_1_333' title='bbox 1083 3750 1111 3799; x_wconf 90' lang='lat' dir='ltr'><strong>in</strong></span> <span class='ocrx_word' id='word_1_334' title='bbox 1125 3748 1255 3815; x_wconf 85' lang='lat' dir='ltr'><strong>Saxonia,</strong></span> <span class='ocrx_word' id='word_1_335' title='bbox 1266 3749 1346 3801; x_wconf 83' lang='lat' dir='ltr'><strong>refert</strong></span> <span class='ocrx_word' id='word_1_336' title='bbox 1356 3746 1442 3799; x_wconf 78' lang='lat' dir='ltr'><strong>Aleia·</strong></span> 
     </span>
     <span class='ocr_line' id='line_1_38' title="bbox 431 3823 1442 3900; baseline 0.003 -25"><span class='ocrx_word' id='word_1_337' title='bbox 431 3826 493 3894; x_wconf 73' lang='lat'><strong>7⁸9·</strong></span> <span class='ocrx_word' id='word_1_338' title='bbox 511 3823 686 3878; x_wconf 78' lang='lat' dir='ltr'><strong>Accumulant</strong></span> <span class='ocrx_word' id='word_1_339' title='bbox 698 3837 784 3893; x_wconf 78' lang='lat' dir='ltr'><strong>artur,</strong></span> <span class='ocrx_word' id='word_1_340' title='bbox 796 3826 897 3900; x_wconf 82' lang='lat' dir='ltr'><strong>patn&#39;a-</strong></span> <span class='ocrx_word' id='word_1_341' title='bbox 940 3838 982 3877; x_wconf 86' lang='lat' dir='ltr'><strong>tm</strong></span> <span class='ocrx_word' id='word_1_342' title='bbox 998 3825 1044 3877; x_wconf 91' lang='lat' dir='ltr'><strong>lib.</strong></span> <span class='ocrx_word' id='word_1_343' title='bbox 1059 3827 1114 3889; x_wconf 83' lang='lat' dir='ltr'><strong>lX,</strong></span> <span class='ocrx_word' id='word_1_344' title='bbox 1135 3823 1265 3896; x_wconf 57' lang='lat' dir='ltr'><strong>rapimur.</strong></span> <span class='ocrx_word' id='word_1_345' title='bbox 1288 3826 1368 3896; x_wconf 82' lang='lat' dir='ltr'>Cujus</span> <span class='ocrx_word' id='word_1_346' title='bbox 1388 3825 1442 3878; x_wconf 85' lang='lat' dir='ltr'><strong>loei</strong></span> 
     </span>
     <span class='ocr_line' id='line_1_39' title="bbox 395 3903 1441 3977; baseline 0.001 -22"><span class='ocrx_word' id='word_1_347' title='bbox 395 3921 446 3976; x_wconf 78' lang='lat' dir='ltr'><strong>que</strong></span> <span class='ocrx_word' id='word_1_348' title='bbox 469 3905 497 3955; x_wconf 85' lang='lat' dir='ltr'><strong>t&#39;n</strong></span> <span class='ocrx_word' id='word_1_349' title='bbox 521 3903 578 3955; x_wconf 78' lang='lat' dir='ltr'><strong>rede</strong></span> <span class='ocrx_word' id='word_1_350' title='bbox 604 3916 740 3977; x_wconf 82' lang='lat' dir='ltr'><strong>reponunt.</strong></span> <span class='ocrx_word' id='word_1_351' title='bbox 767 3903 896 3958; x_wconf 83' lang='lat' dir='ltr'><strong>Nonnulli</strong></span> <span class='ocrx_word' id='word_1_352' title='bbox 940 3904 1113 3957; x_wconf 89' lang='lat' dir='ltr'><strong>imitationem</strong></span> <span class='ocrx_word' id='word_1_353' title='bbox 1127 3905 1186 3959; x_wconf 83' lang='lat' dir='ltr'><strong>vide</strong></span> <span class='ocrx_word' id='word_1_354' title='bbox 1200 3904 1311 3958; x_wconf 87' lang='lat' dir='ltr'><strong>adcalc.</strong></span> <span class='ocrx_word' id='word_1_355' title='bbox 1329 3903 1441 3975; x_wconf 73' lang='lat' dir='ltr'><strong>hujusce</strong></span> 
     </span>
     <span class='ocr_line' id='line_1_40' title="bbox 395 3980 1053 4036; baseline 0.003 -2"><span class='ocrx_word' id='word_1_356' title='bbox 395 3980 475 4035; x_wconf 88' lang='lat' dir='ltr'><strong>codd.</strong></span> <span class='ocrx_word' id='word_1_357' title='bbox 502 3981 590 4035; x_wconf 82' lang='lat' dir='ltr'><strong>Barth.</strong></span> <span class='ocrx_word' id='word_1_358' title='bbox 612 3983 796 4036; x_wconf 76' lang='lat' dir='ltr'><strong>Admmalant.</strong></span> <span class='ocrx_word' id='word_1_359' title='bbox 820 3985 895 4036; x_wconf 81' lang='lat' dir='ltr'><strong>Unus</strong></span> <span class='ocrx_word' id='word_1_360' title='bbox 938 3983 984 4036; x_wconf 90' lang='lat' dir='ltr'><strong>lib.</strong></span> <span class='ocrx_word' id='word_1_361' title='bbox 1006 3985 1053 4036; x_wconf 85' lang='lat' dir='ltr'><strong>En.</strong></span> 
     </span>
     <span class='ocr_line' id='line_1_41' title="bbox 395 4060 1441 4135; baseline -0.002 -21"><span class='ocrx_word' id='word_1_362' title='bbox 395 4060 488 4114; x_wconf 85' lang='lat' dir='ltr'><strong>Behot.</strong></span> <span class='ocrx_word' id='word_1_363' title='bbox 501 4063 651 4134; x_wconf 81' lang='lat' dir='ltr'><strong>patriajam</strong></span> <span class='ocrx_word' id='word_1_364' title='bbox 662 4063 720 4114; x_wconf 81' lang='lat' dir='ltr'><strong>sede</strong></span> <span class='ocrx_word' id='word_1_365' title='bbox 732 4073 868 4135; x_wconf 75' lang='lat' dir='ltr'><strong>reponunt.</strong></span> <span class='ocrx_word' id='word_1_366' title='bbox 975 4061 1035 4132; x_wconf 70' lang='lat'><strong>794.</strong></span> <span class='ocrx_word' id='word_1_367' title='bbox 1057 4060 1125 4114; x_wconf 73' lang='lat' dir='ltr'><strong>Velia</strong></span> <span class='ocrx_word' id='word_1_368' title='bbox 1145 4079 1191 4114; x_wconf 83' lang='lat' dir='ltr'><strong>ceu</strong></span> <span class='ocrx_word' id='word_1_369' title='bbox 1208 4073 1299 4113; x_wconf 83' lang='lat' dir='ltr'><strong>mater.</strong></span> <span class='ocrx_word' id='word_1_370' title='bbox 1319 4061 1387 4112; x_wconf 84' lang='lat' dir='ltr'><strong>Nam</strong></span> <span class='ocrx_word' id='word_1_371' title='bbox 1407 4079 1441 4112; x_wconf 80' lang='lat' dir='ltr'><strong>ex</strong></span> 
     </span>
     <span class='ocr_line' id='line_1_42' title="bbox 432 4138 1439 4212; baseline -0.002 -19"><span class='ocrx_word' id='word_1_372' title='bbox 432 4158 492 4210; x_wconf 85' lang='lat'><strong>79⁰·</strong></span> <span class='ocrx_word' id='word_1_373' title='bbox 507 4139 661 4193; x_wconf 81' lang='lat' dir='ltr'><strong>Ademtum.</strong></span> <span class='ocrx_word' id='word_1_374' title='bbox 670 4139 722 4193; x_wconf 78' lang='lat' dir='ltr'><strong>Alii</strong></span> <span class='ocrx_word' id='word_1_375' title='bbox 734 4140 824 4211; x_wconf 71' lang='lat' dir='ltr'><strong>legunt</strong></span> <span class='ocrx_word' id='word_1_376' title='bbox 833 4143 895 4194; x_wconf 89' lang='lat' dir='ltr'><strong>odo·</strong></span> <span class='ocrx_word' id='word_1_377' title='bbox 939 4141 1112 4211; x_wconf 71' lang='lat' dir='ltr'><strong>egentissimie</strong></span> <span class='ocrx_word' id='word_1_378' title='bbox 1119 4154 1146 4193; x_wconf 89' lang='lat' dir='ltr'><strong>et</strong></span> <span class='ocrx_word' id='word_1_379' title='bbox 1152 4139 1287 4195; x_wconf 82' lang='lat' dir='ltr'><strong>vilioribus</strong></span> <span class='ocrx_word' id='word_1_380' title='bbox 1297 4138 1439 4212; x_wconf 83' lang='lat' dir='ltr'><strong>capieban-</strong></span> 
     </span>
     <span class='ocr_line' id='line_1_43' title="bbox 395 4219 1152 4291; baseline 0.003 -18"><span class='ocrx_word' id='word_1_381' title='bbox 395 4232 497 4285; x_wconf 83' lang='lat' dir='ltr'><strong>ratum,</strong></span> <span class='ocrx_word' id='word_1_382' title='bbox 515 4219 542 4272; x_wconf 92' lang='lat' dir='ltr'><strong>id</strong></span> <span class='ocrx_word' id='word_1_383' title='bbox 556 4234 611 4286; x_wconf 83' lang='lat' dir='ltr'><strong>eet,</strong></span> <span class='ocrx_word' id='word_1_384' title='bbox 630 4222 771 4291; x_wconf 74' lang='lat' dir='ltr'><strong>tinguentia</strong></span> <span class='ocrx_word' id='word_1_385' title='bbox 790 4219 894 4274; x_wconf 89' lang='lat' dir='ltr'><strong>delibu-</strong></span> <span class='ocrx_word' id='word_1_386' title='bbox 939 4221 1035 4274; x_wconf 83' lang='lat' dir='ltr'><strong>turbae</strong></span> <span class='ocrx_word' id='word_1_387' title='bbox 1048 4220 1152 4275; x_wconf 73' lang='lat' dir='ltr'><strong>hostire.</strong></span> 
     </span>
    </p>
   </div>
   <div class='ocr_carea' id='block_1_4' title="bbox 0 0 1654 5156">
    <p class='ocr_par' dir='ltr' id='par_1_9' title="bbox 0 0 1654 5156">
     <span class='ocr_line' id='line_1_44' title="bbox 0 0 1654 5156; baseline 0 0"><span class='ocrx_word' id='word_1_388' title='bbox 0 0 1654 5156; x_wconf 95' lang='lat' dir='ltr'><strong> </strong></span> 
     </span>
    </p>
   </div>
  </div>
 </body>
</html>
