3194 5156
563 555 705 620 uisuri
730 556 756 620 1.
1121 558 1184 642 545

238 687 337 769 ..Quo
353 683 442 776 rapis
455 685 625 774 ingentem
640 685 753 774 magui
764 681 918 752 Chironis
929 684 1107 754 alumnum

186 794 369 874 Femineis,
386 794 500 874 Nerei,
513 790 618 860 dolis?
631 789 700 858 buc
713 794 825 860 mitte:
839 791 921 886 quid
932 795 1064 862 aufers?

187 907 262 970 Nou
277 904 401 994 patiar:
416 924 512 970 meus
526 904 605 984 iste,
621 924 734 969 meus:
748 917 785 970 tu
797 905 879 970 Diva
893 903 1068 994 profundi,

187 1015 228 1078 Et
240 1037 295 1080 me
309 1011 455 1080 Phoebus
468 1014 552 1104 agit:
567 1011 702 1080 latebris
716 1011 840 1106 quihus
852 1010 977 1082 addere
990 1030 1098 1085 tentas

188 1127 388 1191 Eversorem
401 1125 506 1192 Asiaei’
518 1122 615 1191 video
625 1147 687 1215 per
697 1121 859 1216 Cycladas
873 1121 958 1192 altas
1135 1141 1187 1195 530

187 1235 387 1316 Attonitam,
401 1249 434 1302 et
447 1237 538 1328 turpi
552 1251 760 1329 quaerentem
773 1234 871 1302 litora
882 1236 983 1303 furto.

188 1343 397 1414 Occidimus:
414 1345 541 1438 placuit
555 1343 753 1438 Lycomedis
768 1349 901 1414 conscia
912 1346 1022 1417 tellus.

190 1462 222 1526 Ο
233 1458 360 1526 scelus!
376 1483 418 1527 eu
429 1457 532 1526 fluxae
546 1461 684 1528 veniunt
696 1461 730 1526 in
742 1474 879 1551 pectora
893 1475 1012 1528 vestes.

187 1569 324 1654 sende,
341 1595 434 1664 puer,
447 1569 578 1652 scinde,
595 1587 629 1638 et
640 1569 766 1638 timidae
777 1595 821 1637 ue
832 1570 931 1639 crede
942 1577 1083 1665 parenti.
1157 1653 1159 1658 ,

191 1685 253 1749 Hei
262 1679 1225 1780 mihi,rsptusabitlquaeuamhaecproculimprobsvirgo?„

238 1798 300 1861 Hic
315 1809 454 1862 nutante
468 1791 574 1886 gradu
586 1795 692 1876 stetit,
706 1795 887 1887 amissique
898 1795 1021 1862 furoris
1138 1810 1190 1866 ⁵36

192 1903 327 1971 Viribus
341 1920 418 1972 aute
433 1905 523 1996 ipsas
537 1902 751 1970 tremefactus
763 1905 889 1969 corruit
901 1926 987 1970 aras.

192 2019 291 2084 Tunc
305 2015 488 2084 haerentem
504 2014 657 2083 lthacum
668 2012 873 2105 Calydonius
884 2029 1026 2105 occupat
1037 2014 1155 2086 heros:

187 2189 246 2244 526.
263 2191 293 2262 Q.
310 2208 331 2242 r.
347 2191 364 2243 i.
377 2209 413 2243 m.
428 2191 545 2251 Chironis
561 2191 649 2246 alum·
692 2189 870 2242 mentavides·
882 2212 893 2235 ι
906 2186 1193 2242 ConierverbaAcbil·

147 2288 221 2322 nom.
233 2266 371 2321 Achillem.
692 2266 724 2321 lis
737 2270 763 2320 in
775 2266 943 2320 Parthenone
954 2286 991 2320 vs.
1006 2285 1035 2337 73
1048 2269 1119 2320 Post.
1135 2269 1192 2321 Lat.

183 2347 244 2420 527.
256 2349 344 2402 Nerei.
358 2347 458 2403 Thetis.
693 2349 759 2402 Min.
772 2359 841 2400 nost.
856 2345 920 2398 edit.
934 2360 953 2397 t.
966 2349 1014 2412 111,
1028 2366 1054 2418 p.
1070 2346 1130 2413 548.
1146 2348 1192 2402 Eo.

183 2429 244 2483 528.
259 2429 332 2482 Meris
348 2431 405 2494 iste,
420 2447 499 2482 meus.
517 2429 587 2481 Fatis
599 2431 649 2482 sci·
730 2425 790 2490 534.
798 2425 825 2478 S.
836 2443 863 2496 p.
871 2443 890 2476 s.
901 2443 923 2476 e.
935 2436 953 2475 t.
963 2426 1074 2478 ποσταία
1080 2427 1193 2499 munti.

146 2509 208 2561 licet
216 2506 280 2560 roihi
291 2505 402 2560 debetur
410 2520 436 2559 et
445 2507 556 2579 Graeciae.
567 2535 602 2544 -
610 2506 650 2557 Tu
694 2503 780 2557 codd.
793 2503 996 2574 Lindenbrogiiz
1011 2505 1071 2556 cede
1079 2506 1193 2577 parenti.

147 2587 216 2639 Diva
222 2585 361 2658 profundi,
370 2600 419 2637 eto.
429 2587 486 2638 Hoc
493 2584 567 2650 dicit,
575 2585 651 2656 quasi
694 2615 729 2626 -
740 2585 848 2650 Scinde,
864 2603 943 2658 puer,
963 2597 1012 2636 etc.
1031 2585 1115 2652 Quasi
1130 2586 1195 2639 allo-

148 2678 221 2738 petat
231 2667 333 2717 veniam
344 2683 358 2716 a
368 2663 495 2730 Thetide,
506 2663 578 2736 quod
589 2681 651 2734 pro·
696 2677 792 2736 quatur
805 2674 958 2735 presentem
968 2661 1110 2729 Achillem,
1123 2663 1196 2716 illum

149 2743 195 2796 dat
215 2744 271 2814 ejus
292 2742 399 2795 fraudes
422 2755 449 2796 et
470 2761 583 2803 arcona;
604 2741 651 2794 sed
695 2740 830 2809 hortatur,
845 2753 874 2792 ut
887 2739 991 2794 scindat
1007 2743 1196 2812 ignominiosas

150 2824 199 2877 sibi
211 2825 312 2894 ignosci
323 2826 403 2896 petit,
413 2825 475 2895 quia
489 2843 503 2874 a
514 2824 570 2876 Deo
583 2823 651 2894 rapi·
695 2836 788 2874 vestes.

150 2904 260 2970 tur,cui
272 2904 393 2954 resistere
407 2913 564 2975 nonpotest.
734 2899 794 2953 535.
814 2899 850 2950 11.
869 2918 904 2950 m.
924 2918 943 2950 r.
961 2919 986 2950 α.
1007 2915 1128 2969 quterram
1143 2899 1198 2954 hirc

187 2981 249 3036 530.
274 2983 423 3034 Euenorem
444 2981 519 3034 Asiae.
538 2983 568 3031 ln
593 2980 654 3032 latis
696 2975 790 3050 procul
807 2977 925 3048 improba
944 2975 1034 3049 sirpo?
1055 2975 1084 3028 lu
1104 2978 1198 3032 iisdem

151 3062 222 3115 enirn
234 3073 303 3126 erat,
315 3073 345 3111 ut
355 3062 410 3131 jam
430 3077 511 3130 supra
529 3057 653 3123 diximus,
700 3054 842 3107 lindenbr.
859 3054 937 3107 codd.
959 3055 1013 3107 hoee
1028 3065 1065 3108 est
1082 3057 1198 3130 improba

150 3141 260 3209 Trojiun
273 3140 418 3211 expugnari
434 3156 488 3189 uon
504 3155 582 3208 posse
598 3137 654 3189 siue
700 3136 779 3208 sirpo.
797 3162 832 3174 -
852 3134 905 3185 Hei
927 3132 1007 3198 mihi,
1029 3145 1117 3206 raptus
1136 3137 1197 3190 abit.

151 3215 264 3270 Achille.
279 3245 315 3256 -·
329 3215 460 3288 Cycladas.
474 3215 539 3267 Vide
548 3232 639 3285 supra.
699 3214 778 3266 Dolet
786 3211 858 3286 quod
870 3211 986 3266 Achilles
995 3231 1086 3266 amore
1101 3216 1200 3269 Deida-

185 3295 246 3348 532.
256 3290 655 3366 Occidimus.lngemiscitAcbil·
699 3295 757 3344 miae
766 3292 868 3346 illectus
881 3290 988 3344 tandem
998 3294 1202 3363 succumbat,et
1258 3352 1260 3364 Ι

153 3373 205 3425 lem
222 3372 350 3425 occultari
365 3374 432 3425 inter
445 3371 568 3424 mulieres
576 3373 655 3424 temi-
700 3373 870 3426 obliviscatur
876 3391 903 3425 se
912 3374 996 3424 virum
1006 3391 1072 3426 esse.
1082 3377 1201 3447 —Quoe-

153 3469 206 3502 neo
225 3449 326 3502 habitu.
342 3479 377 3490 -
390 3449 541 3521 lycomedis
554 3448 655 3502 conscia
700 3450 1202 3526 namhoeeprocuiimpmbauirpo.Dei·

154 3529 240 3583 tellus.
259 3533 354 3602 Scyros
375 3530 469 3582 insula.
484 3558 521 3568 -
539 3528 653 3580 Conscia.
701 3532 811 3598 damia,
838 3551 895 3603 que
921 3549 970 3584 sue
1001 3532 1201 3603 pulchritudine

154 3609 240 3676 Quasi
256 3607 300 3660 illa
314 3607 399 3660 insula
411 3609 524 3660 novisset
538 3605 656 3658 occulta·
702 3631 782 3666 cama
793 3625 858 3680 erar,
869 3631 917 3664 cur
928 3610 1044 3668 Achilles
1054 3612 1135 3666 latere
1146 3634 1201 3668 non

156 3701 213 3739 tum
223 3687 362 3740 Achillem.
704 3705 847 3746 recusaret.

192 3767 388 3844 533.Etjluxoe
398 3778 506 3819 venrant
517 3769 543 3819 io
554 3778 659 3839 pectora
739 3761 799 3824 536.
818 3771 871 3822 Hic
890 3779 999 3822 notante
1019 3772 1103 3843 produ
1119 3773 1204 3836 stetit,

158 3857 245 3900 vestes.
262 3847 385 3918 Respexit
404 3847 439 3899 ad
453 3846 519 3898 illud
531 3863 657 3919 suprave.
703 3849 840 3920 amissique
854 3846 961 3918 firroris.
983 3849 1047 3919 lieg.
1067 3849 1087 3898 B
1105 3847 1202 3916 habet,

157 3923 229 3977 326:
248 3948 259 3970 ι
283 3928 429 3998 injecitque
453 3929 532 3978 sinus.
557 3949 568 3974 ι
590 3927 658 3978 Nam
704 3925 1036 3998 amissisquefcroriulleg.
1050 3927 1079 3993 C,
1094 3929 1205 3983 amissit·

157 4017 243 4057 vestes
257 4004 397 4059 muliebres
410 4007 483 4058 lluxre
498 4019 574 4072 sunt,
586 4025 617 4057 ac
629 4007 660 4057 si·
704 4006 861 4078 quesurore.
873 4005 919 4056 Eo.

158 4099 259 4135 nuosm.
270 4085 369 4137 Lucan.
382 4087 453 4152 Vlll,
467 4085 534 4138 366:
551 4083 660 4137 :Emol-
742 4084 802 4155 ⁵37.
824 4086 934 4138 Corruit.
948 4083 1096 4138 Recedente
1111 4088 1204 4156 spiritu

159 4161 190 4212 lit
208 4176 298 4234 gentes
316 4161 453 4216 clementia
472 4162 542 4230 eceli,
560 4161 616 4214 lllic
636 4175 662 4214 et
707 4181 760 4235 quo
776 4163 964 4216 sustinebatur.

159 4240 232 4294 laxas
244 4256 330 4295 vestes
343 4256 370 4295 et
381 4243 450 4296 fluxa
457 4245 573 4295 virorum
585 4240 662 4294 Vela·
744 4243 803 4296 538.
817 4243 973 4294 Hoeientem.
989 4243 1078 4295 Mente
1093 4244 1206 4314 cogiten-

253 4337 318 4400 III.
1024 4332 1064 4398 35
