3264 5166
592 405 734 506 mnan
760 441 819 505 rx.
1169 447 1230 533 193
1272 433 1275 438 ’

186 601 190 608 ’
228 564 327 654 Quod
338 569 569 661 vacetzinque
580 567 668 634 acies
679 565 858 637 audentior
870 565 925 636 ille
936 568 1125 661 pedestres,

227 685 328 749 Hunc
338 680 603 773 adspernantem
615 679 746 748 tumido
759 703 846 748 nova
858 680 1009 774 pondera
1020 697 1116 776 tergo

229 794 360 878 (Unam
371 791 497 886 quippe
509 813 649 858 manum
661 787 798 858 domitis
811 805 971 882 expertus
982 791 1025 860 ab
1036 795 1151 882 annis)
1182 825 1234 863 210

227 904 392 995 Corripit,
404 901 615 996 affaturque:
634 899 748 988 «Quid
760 926 782 969 o
793 899 1148 995 novajussaranusas,

230 1013 352 1082 Infelix
363 1015 704 1109 sonipesinusquam
715 1013 776 1081 tibi
788 1011 887 1084 dulce
899 1013 1037 1108 superbi

226 1125 329 1218 Regis
341 1147 428 1194 nnus
441 1151 448 1192 :
462 1147 532 1194 non
540 1121 612 1216 jam
624 1123 732 1193 AEtolo
745 1125 909 1194 satiabere
921 1149 1058 1220 campo,

230 1234 511 1331 Gaudentemque
519 1232 637 1329 jubam
650 1261 713 1330 per
725 1252 844 1330 stagna
856 1237 1016 1306 Acheloia
1027 1237 1148 1308 solves.

230 1345 512 1439 Quod'superast,
526 1369 639 1432 caros,
653 1349 681 1428 i,
696 1343 815 1415 saltem
827 1345 991 1416 ulciscere
1003 1371 1135 1433 manes,
1186 1365 1237 1418 215

229 1462 302 1558 Aut!
310 1451 731 1551 sequere3extorrem'neu
743 1473 780 1525 tu
792 1479 930 1553 quoque
941 1456 1068 1526 laeseris
1080 1459 1239 1529 umbram

230 1569 407 1660 Captivus,
420 1566 657 1661 tumidumque
669 1570 818 1662 equitem
830 1583 908 1662 post
918 1567 1036 1661 Tydeu
1048 1583 1173 1662 portes.
1190 1602 1203 1632 ι

231 1678 390 1764 Audisse,
403 1702 652 1775 accensumque
663 1697 780 1775 putes:
794 1679 859 1749 boc
871 1679 1013 1751 fulmine
1024 1698 1161 1775 raptum

231 1788 393 1875 Abstulit,
405 1807 439 1860 et
451 1790 576 1860 similes
588 1794 703 1886 minus
715 1792 911 1885 indignatur
921 1791 1082 1861 habenas.

279 1903 421 1973 Semifer
431 1905 522 1972 aeria
532 1903 609 1972 talis
620 1907 809 1973 Centaurus
821 1904 864 1972 ab
876 1909 961 1974 Ossa
1189 1938 1240 1973 πο

231 2010 351 2080 Desilit
362 2015 398 2080 in
409 2009 513 2080 valles
526 2039 534 2078 ι
547 2014 661 2106 ipsum
673 2036 813 2082 nemora
825 2012 893 2080 alta
905 2017 1118 2097 tremiscunt,

184 2253 248 2326 plen
260 2251 391 2324 intelligit.
401 2253 497 2325 Neque
508 2252 575 2307 illud
586 2271 639 2306 uon
652 2254 691 2304 in·
735 2273 785 2328 que
799 2256 928 2327 jubam.-
958 2254 1054 2305 Bsnru.
1081 2283 1118 2294 ·-
1141 2255 1241 2330 Staqna

185 2333 344 2398 scitissime,
360 2332 434 2403 quod
450 2351 549 2403 equum
566 2331 637 2386 dicat
649 2331 692 2384 lu·
735 2333 871 2387 Acheloia.
893 2332 1043 2386 Acheloum
1065 2332 1166 2386 AEtolire
1189 2335 1241 2387 llu-

184 2409 693 2484 geremortemdomini.shtuouloque·
736 2416 818 2490 vium.

186 2493 267 2548 betur
286 2492 331 2545 isti
352 2493 426 2544 asino
444 2493 590 2564 Papinius,
610 2509 692 2562 quum
774 2494 833 2547 215.
855 2495 930 2565 Quod
947 2506 1078 2568 superest,
1101 2513 1190 2560 caros,
1213 2497 1240 2564 i,

185 2571 329 2628 scriberet:
340 2573 466 2625 Fatorum
477 2571 598 2646 iqaarum
608 2569 692 2622 domi·
735 2572 835 2627 saltem.
844 2575 919 2626 Unus
927 2573 1019 2626 Behot.
1031 2572 1241 2628 carosetsaltem.

186 2654 224 2707 ni.
235 2652 554 2704 Euam-Fremeatm
565 2653 652 2703 Poetis
662 2650 693 2702 li·
773 2651 834 2705 216.
852 2653 907 2706 Aut
917 2670 1034 2724 ecquem
1045 2664 1097 2704 ext.
1110 2673 1137 2705 n.
1151 2666 1169 2706 t.
1182 2673 1208 2727 q.
1221 2653 1241 2708 1.

185 2749 230 2789 cet
239 2733 372 2786 humanos
380 2750 472 2786 sensus
482 2733 556 2804 equis
565 2730 638 2783 dare.
646 2732 693 2783 Di·
737 2733 866 2784 umbram.
886 2733 950 2803 lleg.
970 2734 1006 2798 B,
1022 2734 1125 2785 umbras
1142 2732 1242 2800 habet,

131 2845 134 2852 ·
186 2819 224 2868 cit
232 2832 297 2884 ergo
305 2817 386 2868 Poeta
396 2831 494 2884 equum
503 2812 586 2886 Tydei
595 2810 694 2864 doluis·
736 2809 800 2883 ng.
812 2811 833 2864 G
845 2825 916 2862 nost.
926 2811 1077 2863 lectionem.
1089 2812 1136 2863 En.
1145 2815 1245 2866 —Aut

187 2890 692 2964 semartemdomini,utVirgAEueid.
735 2907 848 2961 sequere.
868 2891 917 2939 llio
935 2907 1043 2956 vorsus,
1064 2905 1091 2943 et
1109 2909 1241 2961 sequens,

186 2977 240 3042 xl,
253 2975 303 3043 89,
318 2997 330 3020 ι
339 2976 403 3027 Post
411 2970 527 3024 bellator
538 2989 636 3043 equus,
646 2990 693 3043 po·
737 2971 822 3043 spurii
835 2969 939 3041 Guyeto
954 2970 1084 3022 videntur.
1097 3003 1133 3012 —
1143 2973 1241 3026 Extor-

188 3054 246 3108 siris
266 3051 428 3124 insignibus,
450 3049 549 3104 AEthon
571 3052 594 3102 lt
613 3051 692 3103 lacri-
738 3046 1190 3120 rem·lu‘exsiliodegentem,quasi
1198 3071 1245 3104 cu.

187 3149 297 3186 inausa
318 3133 449 3184 benamu.
734 3129 778 3199 jus
790 3126 884 3178 umbra
897 3139 985 3180 eareat
996 3129 1081 3199 patria
1094 3129 1240 3201 sepultura.

225 3213 286 3266 208.
304 3210 458 3264 Audesste'or.
472 3208 588 3283 Tydeus.
737 3237 773 3248 -·
785 3207 844 3260 Nea
858 3219 886 3260 tu
898 3225 1008 3281 quoque.
1018 3210 1055 3260 Ut
1067 3228 1127 3262 eum
1140 3229 1189 3282 ego
1202 3231 1243 3264 η.

224 3307 286 3362 ²09·
320 3292 398 3346 Nova
427 3289 552 3362 pondera.
586 3291 692 3341 Novum
737 3285 860 3360 linquens
871 3285 926 3338 laesi
937 3305 1028 3341 manes
1038 3288 1130 3362 Tydei.
1147 3289 1224 3345 Lacr.

189 3374 315 3444 equitem.
683 3393 687 3400 ·
775 3367 835 3419 218.
856 3364 978 3418 Fulmina
998 3375 1111 3439 raptum.
1129 3369 1244 3443 lntelligi

224 3448 693 3521 210.Uaamqaippemanam,eto.
739 3443 796 3498 vult
814 3446 897 3498 Poeta
919 3443 1117 3500 exhortationes
1138 3449 1243 3523 llippo·

188 3533 279 3584 Unum
293 3546 438 3592 sessorem,
452 3527 555 3580 berum.
572 3527 622 3578 llio
636 3543 695 3576 ver·
739 3524 871 3579 medentis
891 3545 990 3597 equum
1011 3531 1141 3596 sensisse,
1160 3549 1243 3602 quum

190 3601 236 3664 sus
248 3607 379 3664 delendus
390 3605 496 3660 videtur
505 3607 619 3677 Guyeto.
741 3604 882 3676 fingiteum
891 3603 1070 3658 invindictam
1079 3605 1180 3660 domini
1189 3624 1245 3662 tan·

225 3691 288 3744 213.
308 3691 372 3743 Noa
383 3692 444 3762 jam
463 3687 556 3740 AEtola
574 3685 696 3742 satiabere
741 3683 927 3738 taevelocitatis
936 3688 1072 3738 nimietate
1082 3702 1244 3760 correptum.

190 3791 292 3846 caupo.
310 3771 341 3822 ln
359 3767 453 3824 eodem
471 3767 565 3820 Bebot.
585 3765 696 3834 codice,
776 3781 837 3835 ²¹9·
856 3761 961 3817 Similes
974 3763 1095 3819 habenas.
1115 3769 1176 3820 Non
1194 3771 1246 3820 im·

191 3869 244 3902 aon
258 3847 358 3902 Etolio.
374 3879 411 3889 —
426 3845 527 3899 AEtolo.
547 3848 586 3899 Ex
599 3844 696 3897 AEtolia
740 3841 1246 3916 paresdominiviribus.Hahenasenirn
1303 3859 1305 3864 “

190 3930 262 3982 euim
280 3947 343 3982 eum
362 3925 510 3980 adduxerat
527 3924 641 3999 Tydeus.
660 3954 697 3964 —
740 3941 791 3994 pro
805 3935 907 3972 rectore
920 3921 1019 3993 posuit.
1039 3920 1167 3976 Lsorssr.

190 4009 324 4063 Sutiabere
334 4025 438 4080 eampo.
451 4005 537 4058 Cursu
549 4005 591 4058 vel
607 4016 695 4077 pastu.
779 4016 839 4054 auo.
861 4001 930 4054 Ossa.
943 3999 1085 4055 Thessalia
1096 4021 1180 4056 mons.

229 4088 291 4156 214.
311 4085 633 4158 Gaudentemquejubam.
648 4085 698 4135 alu
779 4081 1106 4154 221.1psum.llominem.
1119 4083 1247 4136 Centauri

191 4167 263 4220 libro
282 4167 382 4240 scripto
399 4165 517 4236 optimo:
536 4163 698 4216 Uadantem-
744 4161 813 4212 enim
825 4157 961 4212 biformes.

289 4258 353 4324 111.
1066 4255 1105 4321 13
1126 4259 1130 4266 '
