3196 5158
356 489 400 556 60
593 487 629 550 P.
656 487 691 548 P.
717 485 871 550 STATll
895 482 1169 549 THEBAIDOS

455 642 468 674 e
480 615 537 678 Me
548 611 662 702 potius
674 611 773 692 socii,
787 611 845 702 qui
857 607 964 677 fidum
975 587 1130 675 Eteoclea
1141 629 1251 700 nuper

403 725 587 816 Expertus,
600 742 664 788 nec
674 719 778 788 frater
789 743 880 787 eram
892 773 901 802 ,
914 743 968 786 me
980 721 1141 811 opponite
1153 720 1239 810 regi,
1351 729 1405 796 540

402 830 507 925 Cujus
520 829 632 900 adhuc
644 853 764 922 pacem
775 833 944 922 egregiam
956 882 965 914 ‚
979 846 1013 914 et
1022 828 1111 896 bona
1123 827 1247 896 foedera
1259 844 1353 920 gesto

404 949 541 1011 Pectore
551 945 586 1008 in
599 940 664 1010 hoc
677 969 683 1008 :
698 941 755 1009 ubi
768 958 850 1010 tunc
861 937 957 1024 fidei,
970 943 1130 1035 pacisque
1142 957 1316 1034 sequestra

405 1059 515 1122 Mater
526 1077 615 1135 erus,
629 1050 780 1144 pulchris
793 1077 900 1145 quum
912 1076 966 1120 ne
978 1075 1046 1119 nox
1057 1067 1168 1119 vestra
1179 1065 1309 1117 morata
1321 1067 1372 1117 est

407 1167 594 1258 Hospitiis?
606 1189 729 1257 nempe
742 1164 815 1232 haec
826 1162 930 1232 trahis
943 1163 985 1231 ud
998 1164 1199 1231 commercia
1211 1165 1350 1229 natum?

407 1281 481 1345 Duo
491 1277 588 1344 illum
599 1279 635 1344 in
647 1300 823 1370 campum,
836 1293 948 1344 vestro
959 1279 1016 1372 qui
1031 1279 1193 1368 sanguine
1205 1276 1338 1368 pinguis
1355 1283 1407 1350 ⁵4⁵

409 1389 519 1480 Spirat
531 1385 659 1470 adhuc,
675 1389 876 1480 pinguisque
888 1409 964 1453 meo
976 1412 983 1452 ι
997 1401 1035 1453 tu
1046 1408 1148 1478 porro
1160 1385 1327 1478 sequeris,

409 1501 485 1564 Heu
497 1497 640 1564 nimium
652 1497 759 1580 mitis,
773 1497 983 1590 nimiumque
996 1493 1097 1562 oblite
1109 1501 1263 1562 tuorum!

411 1605 541 1678 Scilicet
552 1607 682 1676 iulestae
695 1631 802 1700 quum
815 1623 847 1674 te
859 1609 986 1674 circum
998 1602 1148 1699 undique
1159 1601 1285 1672 dextrae

367 1797 622 1874 abEteocle‚quern
632 1801 705 1855 nulla
715 1804 788 1875 prius
800 1805 867 1874 inju·
911 1814 966 1868 est,
986 1784 1088 1854 rdedius
1105 1812 1131 1852 et
1149 1798 1257 1852 arbiter.
1275 1795 1411 1848 Arbitrum
1436 1825 1439 1830 ·

367 1880 406 1930 ria
418 1877 527 1932 laeserat.
911 1895 938 1934 et
954 1895 1118 1952 sequestrum
1137 1880 1274 1950 conjunxit
1291 1875 1412 1942 Plautus,

404 1957 464 2026 ⁵39.
477 1958 530 2026 Qui
530 1957 583 2032 fid.
590 1958 721 2013 Eteoclea.
732 1961 869 2013 Ethioclee
912 1958 1033 2012 Rudente
1048 1972 1099 2011 act.
1118 1962 1161 2018 tv,
1181 1976 1218 2010 sc.
1236 1959 1268 2022 3,
1282 1956 1332 2008 63:
1350 1957 1411 2006 u'l'u

368 2053 438 2088 unua
459 2035 552 2088 Behot.
570 2067 605 2077 -
621 2038 714 2090 Fidum
736 2038 867 2092 Eteoclea.
912 2039 1018 2094 isthanc
1035 2039 1114 2093 hodie
1130 2058 1185 2091 non
1200 2040 1284 2104 feres,
1302 2038 1353 2089 nisi
1366 2035 1413 2087 das

368 2116 457 2167 lronia
475 2117 502 2165 in
520 2135 612 2169 omnes
628 2116 772 2170 Thebanos
789 2130 816 2169 et
832 2132 870 2189 ty·
914 2135 1078 2193 sequestrum
1102 2133 1148 2171 aut
1169 2118 1312 2183 arbitrum,
1332 2116 1414 2184 Cujus

369 2211 488 2245 rannum.
499 2194 579 2247 Simul
590 2195 722 2248 indicatur
731 2196 870 2266 singularis
913 2199 970 2252 baec
982 2218 1023 2252 res
1033 2199 1162 2252 arbitratu
1175 2199 1228 2249 liat.
1240 2221 1251 2242 ι
1264 2196 1309 2248 Sil.
1322 2195 1413 2245 Punic.

369 2272 530 2345 amor'l'ydei
537 2275 564 2326 in
571 2273 724 2340 polinicem,
733 2278 811 2327 etiam
819 2294 871 2326 cer·
913 2282 965 2344 vt,
980 2278 1048 2346 3462
1067 2279 1122 2329 ..At
1137 2295 1203 2329 nova
1215 2276 1313 2328 Etissaei
1326 2277 1415 2344 jurato

369 2363 424 2402 tam
434 2367 547 2403 mortem
556 2371 604 2424 pro
615 2371 647 2405 to
658 2373 712 2405 non
722 2356 846 2406 timentis.
915 2357 1013 2411 foedera
1024 2372 1113 2430 patres
1123 2355 1281 2410 Consultant
1291 2352 1417 2405 mandare

407 2431 468 2499 540.
487 2432 722 2506 Necfreteremm.
739 2437 793 2486 Nec
806 2435 872 2486 tanti
917 2437 993 2505 duci,
1007 2439 1134 2510 pacisque
1150 2447 1315 2506 sequestrum
1328 2435 1418 2484 Mitte·

373 2523 428 2564 erat
443 2531 483 2563 me
496 2511 591 2565 occidi.
608 2512 692 2566 Theb.
710 2515 750 2578 11,
765 2514 833 2580 488,
848 2525 874 2565 et
917 2536 953 2570 re.
965 2541 975 2564 ι
989 2519 1089 2568 Lucan.
1102 2514 1192 2567 Phara.
1205 2515 1246 2579 X,
1257 2513 1323 2582 472:
1338 2528 1418 2562 nora·

373 2607 430 2660 seq.
445 2609 531 2662 «quas
545 2604 671 2664 quaereret
685 2604 767 2658 artes,
780 2592 807 2644 Si
822 2594 874 2643 lra·
918 2599 1035 2668 sonegia
1044 2599 1169 2667 pacisque
1179 2607 1322 2666 sequester.
1331 2615 1342 2638 ι
1351 2591 1421 2644 θη-

372 2682 454 2735 trem‚
464 2670 595 2738 Fortuna,
607 2669 700 2722 dares?
711 2694 721 2716 ι
918 2698 950 2731 oe
959 2700 965 2728 :
975 2677 1080 2743 μυίαις.

410 2749 469 2818 541.
490 2752 586 2803 Pacem
607 2753 745 2824 cprepiam.
766 2752 874 2818 Itonia,
955 2756 1015 2822 543.
1034 2739 1127 2806 Pulc-lt.
1145 2772 1170 2825 q.
1185 2774 1221 2805 m.
1236 2773 1263 2805 es.
1278 2771 1302 2802 u.
1319 2761 1422 2803 morata

374 2831 421 2886 cul
436 2829 571 2880 familiaris
591 2829 646 2880 ltaec
668 2848 726 2880 Ἰοῖ·
746 2830 874 2881 -Bona
920 2849 963 2890 est.
985 2835 1100 2888 Verbum
1122 2845 1158 2886 est
1179 2853 1233 2885 non
1255 2831 1371 2883 habetur
1393 2831 1423 2880 iu

369 2908 808 2982 soedem.Vera‚quibusconlidere
818 2911 876 2980 quis
919 2917 988 2968 Dan.
1004 2915 1092 2965 Petav.
1105 2911 1240 2964 nonnullis
1253 2924 1279 2963 et
1294 2909 1371 2962 Cruc.
1386 2936 1424 2948 --

376 2992 470 3060 possit.
921 2993 1041 3046 Pulchris
1054 2991 1188 3062 Hospitiis.
1201 2993 1313 3044 lrontce.

412 3068 471 3134 542.
492 3070 599 3121 Pectore
613 3071 641 3122 iu
656 3069 712 3124 lroc.
729 3073 839 3143 Corpore
851 3071 877 3120 in
959 3072 1018 3138 544.
1039 3071 1102 3122 Huc
1112 3069 1147 3121 ad
1158 3067 1320 3121 commercia.
1331 3066 1426 3119 Osten-

380 3147 539 3218 quibusdam
556 3148 711 3202 Bartbianis.
724 3150 880 3202 -Pectore
923 3153 1003 3207 debat
1015 3151 1141 3218 vulnero,
1156 3169 1213 3222 quae
1228 3150 1255 3200 in
1265 3145 1366 3200 insidiis
1379 3164 1427 3197 no·

362 3269 364 3280 .
378 3229 407 3280 t'n
420 3229 475 3281 lwc.
487 3230 621 3294 Atuatucis,
633 3230 659 3282 id
671 3244 725 3295 est,
736 3249 810 3296 tneo,
819 3247 879 3300 per·
924 3245 966 3286 cte
980 3243 1134 3302 acceperat:
1148 3229 1222 3301 quasi
1239 3226 1274 3280 ad
1292 3243 1369 3298 pares
1383 3227 1427 3277 in-

379 3309 453 3360 50530
467 3308 566 3360 scilicet
576 3306 665 3360 multi!
676 3307 835 3360 vulneribus·
844 3337 881 3348 ·-
925 3314 1004 3366 aidias
1015 3311 1120 3364 trabere
1128 3309 1207 3363 vellet
1217 3309 1300 3361 filium
1309 3309 1427 3360 Jocasta.

379 3387 505 3458 Pariaque
512 3398 647 3459 sequestre.
656 3387 704 3438 llic
713 3387 879 3438 Lactantius:
961 3391 1013 3458 546
1043 3391 1083 3442 Tu
1091 3407 1169 3463 porro
1180 3389 1296 3461 sequeris.
1311 3387 1429 3439 Conver-

384 3464 543 3535 sSequester
554 3463 651 3516 dicitur
662 3467 708 3538 qui
719 3466 881 3518 certantibus
926 3473 957 3523 tit
969 3471 1116 3522 orationem
1126 3467 1160 3520 ad
1172 3468 1330 3540 Polynicem.

381 3543 484 3595 medius
492 3545 646 3609 intervenit,
658 3544 729 3617 apud
740 3564 817 3618 quem
826 3563 882 3598 cer·
963 3549 1023 3619 547.
1043 3548 1214 3619 Nimiumque
1225 3546 1305 3599 oblite
1314 3555 1429 3596 morum.

380 3622 486 3673 taminia
504 3621 588 3674 futuri
605 3623 716 3694 pignora
740 3623 883 3695 deponun-
927 3626 1117 3680 Hemistichum
1138 3623 1295 3680 Ovidianum
1316 3621 1431 3694 Epistol.

382 3716 434 3754 tur.
447 3703 503 3754 Hoc
516 3701 674 3754 vocabulum
687 3703 721 3757 ab
735 3704 883 3776 obsequen·
928 3707 954 3771 1,
965 3708 994 3774 l¹
1007 3720 1034 3758 et
1043 3724 1099 3779 aeq.
1112 3707 1218 3757 «Ausus
1227 3723 1269 3770 es,
1280 3703 1432 3769 onimium,

384 3780 419 3833 do
438 3780 539 3832 laetum
561 3795 618 3840 est;
642 3783 714 3854 quod
736 3787 815 3854 ejus,
839 3784 884 3854 qui
929 3787 1093 3856 nimiumque
1110 3784 1191 3838 oblite
1205 3797 1328 3862 tuorum,
1343 3781 1432 3833 Thra-

384 3860 484 3915 electus
497 3861 590 3926 fuerit,
605 3866 760 3916 sententiam
773 3877 884 3936 utraque
929 3866 969 3917 cia
980 3875 1114 3915 nocturno
1124 3875 1232 3934 tangere
1242 3875 1328 3915 castra
1338 3860 1430 3912 dolo.»

384 3957 448 4013 pars
466 3953 624 4011 aequatura
647 3943 711 3995 Vide
730 3946 837 3996 Festum
857 3943 884 3993 in
966 3942 1026 4008 548.
1044 3943 1242 4016 Insestoeq.t.e.
1253 3943 1316 3994 und.
1327 3941 1432 3992 dextre.

385 4030 518 4093 sequester,
530 4034 557 4071 et
567 4020 680 4074 Gellium
692 4023 738 4076 lib.
750 4023 813 4088 XX,
825 4041 885 4094 cap.
931 4023 997 4075 Dan.
1015 4023 1104 4076 Peter.
1119 4020 1297 4092 Lindenbrog.
1313 4035 1338 4072 et
1353 4021 1433 4072 Cruc.

386 4098 489 4150 ultimo.
506 4099 591 4152 Obvia
607 4119 639 4152 ea
653 4119 705 4154 vox
720 4099 792 4172 apud
804 4103 888 4154 Juris·
931 4101 1029 4154 dextra.
1048 4129 1083 4141 -
1097 4100 1212 4173 Infestae.
1231 4101 1311 4154 Jussu
1330 4101 1436 4173 tyranni

386 4179 531 4236 consultos.
544 4180 620 4236 Pacis
630 4183 709 4254 igitur
717 4191 849 4255 sequester,
861 4179 887 4232 id
932 4180 1051 4234 occidere
1061 4182 1149 4250 jussae.
