3264 5166
596 518 738 583 LIBER
763 517 823 582 lX.
1165 541 1225 586 aar

233 645 400 714 Hicferus
411 643 667 739 Hippomedon,
679 643 748 712 illio
757 665 827 712 non
839 648 972 736 segnior
984 649 1140 738 Hypseus

235 755 364 840 Fletus,
377 773 412 826 et
423 755 544 824 alterni
555 755 708 848 praebent
719 754 836 824 solatia
848 754 970 824 luctus.

279 867 447 935 Tristibus
460 870 586 935 interea
599 889 756 935 somnum
769 865 899 934 turbata
914 865 1029 958 liguris
1182 879 1233 949 ⁵7⁰

233 980 346 1046 'l'orva
358 979 532 1070 sagittiferi
544 995 652 1066 mater
662 981 816 1071 Tegeatis
829 976 973 1071 Ephebi,

233 1089 332 1156 Crine
344 1087 423 1157 dato
435 1091 578 1183 passim,
590 1087 783 1182 plantisque
794 1112 835 1156 ex
846 1111 940 1156 more
953 1085 1082 1166 solutis,

232 1203 317 1266 Ante
329 1198 419 1266 diem
432 1196 557 1291 gelidas
568 1198 638 1266 ibat
648 1196 794 1266 Ladonis
806 1194 849 1263 ad
861 1195 971 1264 undas

186 1460 254 1497 ucrs.
267 1445 439 1499 Marklandus
452 1445 485 1500 ael
497 1447 559 1500 silv.
572 1448 605 1514 V,
621 1464 643 1514 t,
660 1449 690 1500 18
735 1449 879 1500 minumus:
893 1448 971 1498 etiam
983 1445 1132 1499 Bernartius
1143 1463 1234 1500 corre-

185 1523 316 1576 oorrexit:
332 1525 448 1578 nectebat
460 1525 559 1598 fiunem
575 1526 690 1579 Mauors.
735 1537 806 1578 mum
820 1522 921 1598 aliquid
935 1521 1034 1590 voluit,
1048 1522 1095 1576 sed
1106 1542 1167 1576 eum
1179 1542 1234 1576 non

166 1667 168 1674 y
186 1599 253 1654 Vide
265 1603 352 1656 Valer.
366 1604 453 1657 Flace.
465 1606 517 1670 Vl,
530 1606 593 1676 4²7,
607 1605 667 1660 631.
734 1602 921 1676 intelligimus,
932 1621 1019 1674 neque
1030 1603 1141 1674 ipsemet
1154 1620 1183 1656 se
1194 1623 1235 1656 sa·

224 1678 284 1750 569.
303 1681 342 1732 Et
357 1681 454 1735 alterni
469 1684 585 1754 prebent
598 1681 692 1736 solatia
736 1685 785 1749 tis,
796 1695 894 1754 poton
909 1681 1004 1734 Basra.
1020 1683 1096 1734 Crine
1107 1682 1166 1736 dato
1176 1701 1236 1754 pas-

189 1753 478 1812 tuctur.ltuttumenim
487 1759 691 1841 Vegeribnsma·
736 1780 792 1815 sum
813 1761 981 1821 Bernartius3
1001 1759 1099 1830 palmis
1117 1778 1148 1811 ex
1166 1779 1238 1814 more

190 1836 691 1910 insincalamitatibnssolatium,qn'am
735 1859 805 1893 unus
819 1839 912 1892 Behor.
925 1869 962 1879 —
974 1839 1049 1891 Crine
1062 1839 1122 1891 dato
1132 1840 1235 1910 passim.

189 1933 272 1989 quum
289 1931 411 1973 auctores
428 1921 507 1972 etiam
520 1920 571 1992 ipsi
590 1919 691 1992 afflige·
735 1923 770 1972 Ut
781 1919 810 1971 lit
820 1921 849 1971 in
861 1917 945 1970 luctu.
956 1920 1088 1990 Lugentes
1099 1923 1168 1970 enim
1180 1937 1236 1972 mu-

189 2009 289 2064 rentur,
307 2010 333 2049 et
351 1998 379 2049 in
398 1997 533 2052 adversam
547 1997 691 2050 inciderent
735 1999 813 2052 lieres
832 2000 919 2051 crines
939 1997 1013 2050 nodo
1034 1997 1183 2052 solvebant.
1200 2029 1237 2040 -

190 2075 334 2128 fortunam,
735 2077 841 2131 Soteris.
851 2075 1040 2142 ldest,nudis.
1048 2077 1157 2130 Veteres
1167 2079 1237 2130 enim

226 2157 287 2226 ⁵7⁰·
312 2155 435 2208 Tristibus
456 2156 553 2209 interea
573 2173 692 2208 somnum
735 2160 764 2211 in
781 2157 913 2229 pleristpse
931 2155 1125 2228 superstitionis
1145 2157 1238 2212 ritibus

191 2235 295 2288 turbata
314 2233 419 2308 figuris.
447 2234 569 2287 Tristibus
596 2235 693 2287 interea
737 2237 841 2290 calceos
860 2235 1007 2302 tollebant,
1026 2238 1137 2288 maxime
1156 2255 1238 2309 quum

190 2315 277 2367 somni
285 2311 365 2366 nidd.
378 2312 478 2385 Grypb.
489 2312 575 2365 Plant.
586 2313 692 2365 Gerart.
738 2333 846 2388 magnas
859 2315 1022 2367 calamitates
1037 2316 1173 2369 imminere
1184 2335 1240 2370 cre·

190 2392 334 2446 lindenbr.
351 2390 472 2444 nonnulli
484 2406 511 2445 et
524 2391 619 2464 Delph.
634 2393 693 2444 Tri·
738 2391 846 2444 debant.
864 2391 906 2445 sic
919 2393 1048 2444 Matronae
1061 2392 1142 2445 edem
1157 2397 1239 2447 Vestae

191 2471 271 2524 stibus
283 2473 380 2522 interea
392 2489 511 2524 somnum
522 2471 605 2540 Lang.
622 2472 693 2542 Lips.
738 2471 817 2524 nudis
835 2469 947 2543 pedibus
965 2469 1080 2523 adibant.
1100 2471 1142 2524 Sic
1160 2475 1240 2525 etiam

192 2549 260 2602 Dan.
273 2551 362 2602 Petne.
374 2547 479 2601 Behott.
497 2565 520 2615 t,
536 2566 567 2614 a,
580 2549 696 2620 optimus
738 2549 810 2602 bello
822 2549 924 2603 Gallico
933 2549 1053 2602 Vestales
1067 2548 1161 2602 cnudo
1171 2549 1240 2622 psile

193 2627 282 2678 Barth.
305 2625 416 2678 Cantab.
440 2628 556 2678 Petrens.
577 2625 693 2678 Gronov.
738 2629 866 2699 fugientia
878 2645 952 2679 sacra
961 2629 1152 2694 comitantur„
1164 2642 1194 2681 ut
1202 2631 1240 2681 ait

193 2703 281 2758 Barth.
304 2733 341 2746 -
360 2705 454 2757 Somni
473 2705 575 2757 turbata
591 2702 694 2776 figuris.
739 2707 842 2759 Florus.
853 2705 1047 2758 Tertullianus:
1065 2706 1175 2774 «Quum
1188 2719 1241 2759 stn-

193 2781 294 2834 Omnes
312 2784 402 2852 scripti
417 2803 423 2832 :
441 2776 560 2834 sensnum
579 2783 694 2846 turbata,
738 2800 783 2858 pet
794 2784 885 2837 eaelum
895 2797 988 2836 staret
1000 2801 1084 2836 annus
1094 2783 1241 2856 nudipeda-

195 2859 223 2912 itl
235 2874 290 2926 est,
304 2878 354 2931 per
366 2877 497 2911 somnum·
509 2861 565 2911 Nec
577 2861 646 2911 enim
658 2861 695 2910 fe·
739 2865 774 2920 lia
789 2865 986 2918 denuntiantur.
998 2889 1009 2912 ι
1025 2864 1074 2917 Vel
1088 2863 1189 2936 plantoe
1201 2885 1242 2918 so·

195 2958 252 3005 tet,
264 2938 361 3005 eredo,
374 2936 447 3011 quod
456 2939 537 2991 homo
547 2938 642 2991 doctus
651 2938 696 2990 bic
740 2945 801 2998 ture
810 2943 867 3011 hic,
878 2962 959 3014 quum
969 2943 1141 2996 calceamenti
1150 2946 1243 2997 vincu-

196 3030 385 3082 mactaverat,
399 3036 518 3071 somnum
532 3019 695 3087 11εοῦευίῑί-
741 3023 797 3075 lum
811 3021 913 3074 laxatur
927 3035 974 3072 aur
991 3020 1154 3084 detrahitur;
1171 3021 1242 3093 quod

197 3115 258 3150 ram
282 3097 413 3170 pluralem
439 3097 500 3157 loco
525 3115 697 3163 somnorum,
742 3114 899 3173 usurpatum
908 3101 991 3152 fuisse
1000 3101 1028 3152 in
1041 3101 1243 3171 sacrisquibos-

198 3176 700 3250 quomcredibilesitsepiushancbta·
743 3181 803 3234 dam
812 3176 1122 3232 refenserviusatlillum
1132 3181 1244 3247 AEan,

198 3254 276 3308 laute
284 3255 450 3308 obversatam
458 3273 516 3308 esse
525 3256 650 3325 speciem.
658 3255 699 3307 sic
743 3279 781 3312 rs.
794 3259 861 3312 518:
877 3261 986 3310 annum
997 3271 1074 3312 exuta
1085 3259 1181 3332 pedem
1192 3260 1245 3310 rin-

198 3351 236 3386 ss.
258 3333 311 3386 616
324 3355 331 3386 =
356 3333 418 3387 asic
441 3351 547 3406 qnoque
567 3335 700 3398 venatrix,
746 3338 823 3392 elis·
838 3335 944 3404 Solent,
958 3338 1059 3410 inquit,
1074 3350 1101 3388 et
1116 3335 1246 3388 resoluto-

200 3414 700 3486 animumqueinnupnremanei;·nam
745 3419 784 3470 ria
794 3415 922 3468 sacrificia
932 3415 967 3468 ab
977 3415 1129 3488 auspicibus
1140 3416 1210 3480 fieri,
1221 3428 1246 3468 et

200 3497 235 3546 ita
247 3493 422 3560 membranae,
434 3494 481 3545 ubi
491 3493 586 3564 vulgo,
600 3493 701 3545 animo·
745 3496 780 3550 ad
791 3497 904 3548 lunonis
915 3497 1019 3548 Lucina
1029 3513 1105 3548 saera
1116 3513 1172 3547 non
1186 3494 1248 3547 licet

200 3594 258 3650 gne.
272 3573 344 3627 Nihil
356 3575 520 3647 frequentius
534 3576 627 3646 utique
638 3591 702 3645 poe·
747 3574 890 3641 accedere,
903 3575 954 3627 nisi
966 3573 1060 3627 solutis
1073 3573 1160 3628 nodis.
1172 3597 1183 3620 ι
1197 3573 1247 3626 So-

201 3653 242 3707 tis.
262 3653 383 3707 Gronov.
747 3655 796 3708 luti
808 3656 877 3706 enim
892 3672 946 3705 non
961 3655 1041 3705 vincti
1057 3653 1091 3704 ad
1107 3672 1138 3706 ea
1153 3651 1248 3705 admit-

237 3732 299 3801 ⁵7¹·
314 3731 410 3786 Mater.
422 3731 704 3806 Atalanta—Teqoa-
748 3731 881 3785 rebantur.
898 3730 999 3784 ldeireo
1017 3733 1044 3784 in
1063 3731 1198 3803 plerisque
1216 3729 1249 3782 li-

202 3811 241 3864 tt's.
256 3809 439 3884 Parthenoprei
450 3808 576 3876 Arcadis,
590 3827 605 3859 a
617 3810 705 3880 Tegea
750 3825 809 3864 otor
816 3809 982 3863 clamitabat:
996 3813 1119 3878 «Hostis,
1130 3811 1250 3876 viamus,

204 3887 410 3942 attaediatnrbe.
750 3889 861 3956 mulier,
874 3892 948 3961 virgo
962 3904 1069 3956 exesso,
1079 3913 1091 3936 ι
1108 3891 1145 3942 iit
1157 3890 1251 3943 Festus

220 3963 301 4040 ¹⁵72.
321 3967 468 4022 Crinedoto
478 3966 707 4039 passim‚p1antis·
751 3967 796 4021 lib.
812 3971 844 4019 V.

207 4047 640 4118 guestmonseiutis.·bivineins
650 4064 708 4119 per·
788 4046 847 4118 573.
868 4045 938 4100 Ante
956 4048 1033 4100 diem.
1047 4048 1163 4119 'lempna
1183 4049 1252 4100 enim
1338 4076 1343 4082 -

209 4145 297 4198 peram
318 4129 346 4178 in
364 4129 474 4199 Papinio
492 4126 580 4200 legere
601 4126 707 4180 maluit:
753 4125 1120 4178 matutinnmaoeommorlnm
1129 4122 1252 4196 precibus

212 4207 287 4260 Crine
303 4225 369 4282 oaqo
381 4208 486 4278 passim.
500 4206 573 4259 Alios
593 4225 645 4258 non
661 4223 710 4257 no·
755 4217 781 4257 et
794 4207 883 4259 sacris.
896 4205 1034 4275 Virgilius,
1047 4203 1148 4257 AEneid.
1161 4203 1210 4270 tn,
1220 4203 1253 4271 b:
