3196 5158
551 433 693 504 arnan
718 441 799 508 vn.
1056 429 1086 500 ι’
1157 469 1194 532 3t

199 551 271 614 Non
283 547 386 619 falsus
398 557 524 626 virtute
536 583 642 654 nepos
655 591 661 630 :
676 567 811 658 procul,
826 593 902 658 oro,
915 591 1094 669 paternum

196 659 322 744 Omen,
336 679 370 732 et
380 668 532 761 innuptae
543 689 640 742 vetus
651 678 782 748 excidat
793 684 842 750 ira
853 688 986 758 Dianae!

193 771 212 834 J
215 791 347 862 ungunt
359 799 394 844 se
407 784 540 867 castris,
553 787 709 882 regisque
720 793 757 858 in
769 817 893 864 nomen
906 798 1070 896 adoptant

191 881 628 991 Ocaleae,Medeonque,et
639 901 884 974 confertissima
896 908 981 981 lucis
1142 937 1194 990 260

190 993 298 1083 Nysa,
310 999 524 1098 Dionaeisque
535 1007 652 1085 avibus
665 1015 876 1086 circumsona
888 1021 1024 1093 Thisbe.

240 1107 441 1180 «Proximus
455 1117 691 1208 Eurymedon,
704 1125 758 1189 cui
771 1129 950 1217 pastoralia
962 1137 1069 1205 Fauni

186 1214 289 1280 Arma
299 1222 421 1310 patris,
433 1227 605 1323 pinusque
613 1229 714 1324 jubas
726 1238 877 1307 imitatur
889 1247 1029 1339 equinas

185 1324 358 1399 Terribilis
370 1333 463 1405 silvis
475 1365 482 1405 :
496 1364 572 1410 reor
583 1359 617 1411 et
629 1349 780 1418 Mavorte
792 1370 933 1424 cruento

183 1434 275 1504 Talis
288 1442 351 1508 erit
364 1469 371 1509 :
386 1445 471 1516 dites
483 1474 645 1543 pecorum
657 1463 861 1533 comitantur
872 1467 1043 1562 Erythrae,
1136 1493 1186 1546 265

181 1546 249 1630 Qui
260 1547 399 1634 Scolon,
413 1553 620 1658 densamque
631 1563 722 1660 jugis
735 1575 890 1644 Eteonon
902 1579 1044 1675 iniquis,
1087 1675 1091 1682 ι

179 1657 246 1740 Qui
257 1655 359 1728 breve
371 1663 451 1734 litus
463 1669 584 1764 Hyles,
597 1678 889 1780 Atalantaeumque
901 1693 1037 1782 superbi

168 1813 226 1868 258.
246 1821 284 1874 Et
308 1825 425 1898 innuptoe
446 1843 515 1886 vetus
534 1839 637 1891 excidat
680 1841 769 1896 locum
787 1847 973 1906 illustrandum
994 1857 1124 1916 adductus
1144 1883 1183 1920 est

135 1889 168 1940 im
178 1895 283 1951 Dianoe.
294 1904 359 1975 lleg.
371 1907 403 1974 tt,
415 1919 441 1960 et
449 1912 567 1987 innupta·
574 1935 634 1988 pro·
677 1923 779 1995 Papinii
795 1945 900 1983 versusr
920 1936 1015 1988 confer
1030 1955 1098 1996 nost.
1117 1948 1179 2002 edit.

134 1969 173 2021 cut
181 1991 236 2028 cxc.
251 1979 268 2030 i.
279 1981 312 2031 Ι).
327 1981 422 2049 babet,
436 1991 500 2062 lieg.
514 1995 547 2059 C,
561 2011 632 2050 nost.
676 2012 741 2053 toni.
758 2006 809 2072 IV,
826 2025 887 2079 pag.
908 2011 967 2082 267.
990 2016 1034 2069 Eo.

502 2073 577 2127 ianm
587 2077 630 2131 Ob
675 2080 791 2135 Homero
802 2085 951 2158 maorpipar
963 2093 1049 2158 Θίσβη.

131 2145 279 2203 acceptam,
291 2155 320 2192 ut
330 2147 447 2213 proxime
458 2148 585 2223 diximus,
595 2156 630 2209 ab
712 2163 771 2214 262.
783 2166 830 2216 cai
835 2170 977 2238 pastoralia
986 2178 1074 2250 mant.
1085 2185 1114 2235 ln
1123 2191 1179 2257 qui·

130 2207 224 2266 Orione
237 2219 370 2287 injuriam.
673 2236 785 2293 busdam
804 2244 864 2298 edd.
881 2253 928 2322 qul
942 2258 1099 2328 pastoralia,
1118 2283 1178 2319 cor·

160 2293 218 2346 260.
238 2298 629 2382 Ocaleoe,Medeonque,etcon·
673 2322 1175 2408 rexitBartbius.-PaptoruliaAnnm

122 2365 262 2434 fortissima
275 2377 348 2432 lucis.
364 2380 447 2455 lang.
463 2391 585 2444 nonnulli
601 2409 627 2447 et
670 2399 818 2457 Venabula.

127 2447 179 2500 odd.
197 2468 264 2506 vett.
284 2463 477 2519 consenbsima.
496 2471 547 2523 Pro
561 2472 627 2529 lucii
706 2479 765 2533 263.
774 2483 908 2558 Fimoque
909 2491 1002 2560 jubas,
1015 2511 1064 2550 etc.
1072 2501 1135 2576 Bag.
1145 2509 1173 2575 B,

126 2525 209 2586 debut.
227 2552 260 2600 2,
273 2536 355 2592 babet
367 2543 452 2598 dumis
463 2577 497 2588 -
512 2552 623 2607 Ocalee.
666 2557 786 2632 pinuque
788 2564 880 2633 jubas,
899 2582 949 2622 eto.
964 2572 1056 2642 baben
1072 2581 1135 2655 Reg.
1152 2590 1174 2642 C

123 2604 625 2700 Boeudoeoppidum.·-Medeon.lljus-
668 2651 737 2689 nost.
757 2639 818 2693 lect.
838 2647 885 2698 Eo.
899 2677 935 2689 -
949 2653 1083 2730 Pinusque
1092 2667 1174 2736 jubas

123 2683 178 2738 dem
189 2691 296 2746 Boeotiae
307 2698 388 2754 urbs:
400 2702 451 2755 alia
463 2721 518 2759 erat
530 2709 623 2764 l‘boci·
667 2715 787 2771 imitatur
799 2724 913 2795 equiuas.
928 2730 957 2781 ld
970 2747 1023 2802 est,
1036 2746 1101 2794 rami
1113 2748 1171 2816 pini

121 2760 171 2828 dis,
184 2784 210 2820 et
225 2769 278 2824 alia
295 2777 379 2847 Epiri.
391 2811 426 2820 —
437 2784 473 2836 Et
485 2787 621 2858 confertis-
666 2795 758 2852 inserti
766 2816 829 2853 aunt
838 2806 933 2860 cassidi
943 2811 969 2861 in
980 2816 1088 2870 modurn
1097 2825 1169 2892 juba·

31 2863 32 2880 2
118 2843 178 2898 sima
187 2848 255 2904 tucis
263 2852 379 2929 (sylvis).
391 2862 562 2938 Inpleritque
573 2890 621 2923 co·
664 2877 779 2946 aquina,
797 2894 823 2932 et
834 2881 887 2935 boc
899 2905 915 2938 a
926 2903 1014 2958 patrc,
1035 2900 1077 2948 cui
1089 2903 1168 2970 pinus

31 2927 32 2948 ³
119 2922 619 3016 dicibnsjuqis5inunotrtrbis.Quidam
663 2971 745 3007 sacra.

116 3005 277 3083 adscriptum
287 3015 387 3072 babent
397 3018 473 3090 lucr's,
485 3045 564 3098 quam
574 3053 618 3087 va-
698 3033 758 3102 264.
780 3036 911 3096 Terribilis
920 3043 998 3100 silvo.
1013 3051 1168 3115 Venationi-

114 3099 167 3136 ram
177 3087 322 3148 lectionem
333 3112 465 3168 putamus.
480 3108 598 3164 Gronov.
661 3109 722 3164 bus·
741 3114 867 3170 lucrm·

145 3167 207 3220 261.
226 3173 312 3242 Nysa.
333 3177 406 3250 Nysa
426 3183 490 3238 urbs
511 3189 616 3244 Boeotia
697 3191 757 3246 265·
779 3194 853 3248 Talis
871 3201 940 3253 erit:
957 3206 1003 3258 dit.
1020 3229 1076 3280 pec.
1096 3237 1163 3276 com.

111 3242 213 3302 Baccho
235 3270 311 3308 sacra
334 3271 401 3312 teste
421 3263 559 3322 Eustatbio
580 3273 616 3326 ad
659 3270 787 3342 Etyllffoe·
811 3276 885 3332 Talis
902 3297 958 3336 ml
978 3305 1048 3342 unus
1068 3296 1161 3354 Bebot.

110 3322 180 3378 tttad.
188 3330 218 3381 B.
226 3331 291 3384 Erat
299 3335 367 3408 Nysa
376 3338 507 3411 Thracio,
518 3349 613 3418 Caria,
659 3351 762 3406 anetho
771 3357 798 3408 in
809 3359 903 3412 eodem
912 3365 1004 3421 Behot.
1015 3373 1115 3431 codice.
1124 3411 1162 3426 ·-

108 3403 224 3474 Arabia,
243 3411 364 3484 egypti,
376 3417 508 3474 Armenia».
523 3427 613 3482 Mino-
657 3430 786 3502 Eiytlrroe.
801 3437 937 3510 Oppidum
954 3449 1058 3504 Boeotia
1071 3457 1105 3509 ad
1119 3480 1161 3514 ra-

109 3483 157 3546 ris,
178 3501 207 3538 et
225 3487 319 3541 tndtae.
335 3521 372 3532 -
392 3495 492 3552 Tttste.
511 3504 612 3561 Tltisbe
656 3506 729 3562 dices
743 3513 897 3572 Cithaeronis
909 3529 1007 3580 montis
1017 3533 1103 3590 situm.
1115 3542 1160 3596 Est

108 3561 165 3615 ub·
186 3567 307 3620 Boeotiae.
327 3599 364 3612 ·-
380 3575 495 3633 Dionoeis
511 3585 609 3641 avibus.
656 3601 682 3639 et
696 3591 814 3660 ejusdem
829 3602 942 3656 nominis
957 3607 1059 3664 nrbsin
1072 3617 1155 3676 lonia.

108 3636 251 3697 columbis.
265 3646 418 3704 lactantius
434 3655 524 3710 scribit
537 3663 610 3733 apud
691 3667 750 3722 266.
768 3671 820 3742 Qui
825 3675 928 3730 Scolon.
940 3683 992 3753 Qui
1000 3689 1080 3744 Calon
1087 3697 1154 3754 Dan.

107 3713 222 3776 Thisben
238 3727 371 3780 Venerem
385 3731 501 3806 cultam,
518 3739 610 3816 ibique
652 3747 799 3803 --Scoloo¹
810 3753 902 3809 Scolos
912 3779 988 3816 mons
998 3768 1111 3830 Boeotiae.
1120 3809 1156 3823 .-

104 3793 194 3850 lovem
203 3799 312 3857 dedisse
319 3825 503 3884 responsaper
510 3817 609 3874 colom·
651 3825 800 3884 Erbeonon.
811 3833 929 3891 Eteonos
939 3846 1067 3915 oppidum
1077 3855 1154 3912 Boeo.

104 3869 157 3928 bar.
176 3879 315 3936 &lumba
335 3900 425 3940 autem
445 3911 524 3948 sacra
545 3915 606 3954 sunt
651 3905 825 3984 ua.-Ju9is
834 3913 943 3988 iniquit,
955 3925 1072 3982 excelsis,
1083 3935 1153 3991 Hinc

102 3954 212 4026 Veneri,
227 3981 286 4034 que
301 3979 329 4018 et
340 3967 436 4022 Dione.
448 3975 524 4029 Ovid.
540 3979 603 4034 Mat.
648 3981 764 4039 Homero
774 3989 871 4044 Iliada

101 4033 152 4104 11,
174 4039 249 4096 ὅσοι
273 4046 361 4114 nQuae
379 4057 603 4116 nunc'l'bioboeas
684 4071 743 4143 267.
765 4075 816 4146 Qui
835 4079 857 4132 b.

99 4119 602 4210 ap'tatmutatncolnmbasnddquem
647 4157 774 4225 tamque
803 4175 866 4230 supe

875 4015 912 4062 ‚V·
919 4000 984 4072 497,
995 4008 1148 4082 mamintus.

881 4083 900 4134 ἱ.
919 4087 1013 4160 Hyles,
1035 4097 1149 4154 Atalan-

1055 2050 1092 2062 --
1111 2027 1180 2081 Hinc
1287 2087 1292 2096 ,
