3194 5156
631 571 775 635 LIBER
800 572 827 635 Ι.
1185 573 1251 639 523

247 695 399 783 Qualiter
409 697 547 764 artificis
557 698 697 767 victurae
709 697 831 792 pollice
843 721 930 766 cerae

248 809 426 900 Accipiunt
438 807 580 890 formas,
593 811 790 904 ignemque,
804 831 1013 904 manumque
1025 825 1227 906 sequuntur,

247 917 339 984 Talis
352 934 424 985 erat
435 921 528 986 Divae
539 933 657 986 natum
670 923 831 987 mutantis
844 922 966 1013 imago.

247 1033 316 1096 Nec
329 1028 453 1097 luctata
466 1029 544 1097 diu:
557 1048 714 1125 superest
726 1055 805 1099 nam
817 1032 986 1126 plurimus
998 1031 1045 1101 illi
1199 1045 1251 1099 335

192 1137 198 1168 ³
249 1142 377 1208 Invicta
389 1143 513 1209 virtute
526 1141 639 1224 decor,
653 1140 808 1238 fallitque
819 1158 954 1210 tuentes

248 1248 434 1343 Ambiguus
442 1255 626 1350 ,tenuique
637 1251 747 1322 latens
760 1253 955 1322 discrimine
967 1277 1079 1321 sexus.

248 1361 454 1446 Procedunt,
466 1366 656 1459 iterumque
668 1381 799 1448 monet,
813 1387 1020 1459 rursumque
1031 1364 1148 1456 fatigat

247 1471 375 1540 Blanda
386 1473 520 1542 Thetis:
538 1505 551 1535 a
563 1478 616 1544 Sic
628 1498 708 1568 ergo
720 1475 862 1567 gradus,
875 1477 924 1544 sic
935 1497 1011 1557 ora,
1025 1497 1231 1569 manusque,

201 1658 291 1726 decet,
309 1659 381 1730 quod
401 1659 547 1732 Sophocles
566 1664 610 1714 eit.
633 1661 702 1714 Dido
749 1660 872 1726 Bhabet,
885 1661 973 1714 Invita
983 1662 1076 1714 uirtute
1085 1660 1174 1724 decor,⁸
1186 1663 1250 1733 Reg.

201 1738 272 1809 apud
284 1739 423 1810 Virgilium
443 1738 558 1792 breviter
573 1742 703 1812 loquitur,
749 1737 1029 1794 Cnostramlect.En.
1041 1741 1190 1792 -Inuicta
1203 1742 1251 1792 uir-

200 1829 225 1868 et
235 1817 355 1870 demissis
368 1820 394 1870 in
408 1831 504 1870 terrum
520 1818 613 1874 oculis.
633 1819 703 1872 Mur.
750 1829 802 1870 tute
811 1820 893 1870 dcem.
906 1818 945 1869 lta
955 1835 1048 1869 omnes
1058 1816 1174 1870 codices.
1185 1819 1252 1871 Gro-

235 1898 296 1950 332.
324 1896 443 1968 Qualiter
467 1898 574 1970 artificis
600 1898 704 1953 victuroe
749 1896 1253 1966 noviuscontenditlegendutuinuita,

198 1975 297 2048 pollice
305 1995 377 2030 certe.
392 1976 510 2048 Qualiter
518 1979 614 2053 artifici
623 1979 701 2032 codd.
748 1975 833 2042 idest,
844 1975 1006 2048 dedignante
1017 1989 1043 2028 et
1053 1990 1187 2030 avertente
1198 1978 1253 2049 pul-

200 2056 400 2127 Liudenbrogii;
413 2055 519 2130 artificis
524 2063 653 2132 juncturae
662 2059 704 2111 vel
749 2055 908 2109 claritudinis
922 2055 1043 2124 landem,
1056 2070 1086 2108 ut
1098 2056 1131 2110 de
1142 2057 1253 2111 Parthe-

201 2137 324 2190 uincturte
334 2139 395 2190 Exo.
409 2137 489 2209 Burg.
503 2169 539 2180 -
550 2141 613 2210 Reg.
627 2143 646 2192 B
658 2159 703 2192 ex·
748 2155 843 2208 nopaen
858 2137 955 2189 dicitur
964 2135 1050 2190 Theb.
1065 2137 1099 2187 Vl
1116 2149 1142 2190 et
1159 2137 1203 2190 IX.
1216 2165 1252 2177 —-

200 2213 292 2281 hibet,
317 2215 438 2287 Qualiter
459 2216 557 2290 artifici
580 2220 703 2281 viuum,-
748 2216 880 2290 Fnllitque
899 2229 998 2272 tuentes
1008 2219 1152 2292 ambiquut.
1165 2221 1252 2271 liora·

201 2297 264 2366 lleg.
274 2295 308 2361 C,
323 2294 446 2366 Qualiter
455 2296 551 2368 artifici
560 2301 702 2370 juncturae.
749 2297 873 2350 tius20d.
887 2300 923 2365 ll,
936 2297 962 2364 5,
973 2316 1016 2362 at,
1025 2317 1099 2370 seqq.
1115 2298 1251 2367 «Quodsi

199 2405 236 2416 —
251 2375 377 2446 Qualiter.
395 2374 509 2428 Pulchra
534 2391 574 2428 est
595 2395 705 2449 compa·
748 2377 1044 2449 pueillttrumnsereres
1063 2376 1167 2445 choro,
1185 2379 1252 2430 Mite

200 2455 281 2518 ratio;
297 2467 323 2506 at
337 2468 375 2506 est
386 2453 452 2505 ordo
466 2473 497 2506 ac
509 2455 704 2508 sentustTalis
749 2473 857 2526 sagaces
879 2455 982 2508 falleret
1007 2456 1126 2527 hospites
1152 2458 1251 2508 Discri-

200 2546 257 2586 erat
270 2537 358 2605 imago
377 2535 448 2586 Divte
467 2536 630 2586 immutantis
653 2553 704 2586 na·
748 2553 809 2586 meu
822 2533 986 2600 obscurum,
1001 2535 1094 2589 solutis
1108 2536 1251 2600 Crinibus,

201 2629 270 2677 tum;
284 2633 344 2666 uam
360 2633 391 2666 ex
402 2617 459 2666 viro
475 2615 601 2666 feminam
621 2616 705 2667 facie·
748 2613 926 2687 ambiguoque
940 2614 1023 2667 vultu.
1036 2639 1047 2663 υ

200 2695 260 2759 hat,
271 2696 343 2746 etsie
355 2712 385 2745 ex
394 2691 615 2764 illaimagineviri
626 2696 702 2747 olium
783 2696 845 2748 338.
861 2697 1025 2763 Procedant,
1038 2697 1182 2768 iterumque
1193 2715 1251 2748 mo-

200 2773 341 2826 formabat.
354 2803 390 2814 -
401 2775 468 2827 Certa
482 2776 595 2828 victuroe.
610 2775 704 2841 idest,
748 2789 805 2841 net,
820 2795 970 2849 rursumque
976 2776 1085 2849 fatigat.
1100 2779 1157 2828 Put.
1168 2777 1250 2848 Lang.

200 2872 283 2925 quum
292 2856 398 2905 victurae
408 2853 527 2906 membra
536 2867 627 2907 statute
637 2857 706 2906 inter
750 2869 775 2908 et
786 2854 935 2907 Barthiani:
948 2857 1095 2928 iterumque
1107 2866 1196 2906 monet
1207 2856 1252 2906 ite·

200 2932 704 3004 seaccipiuntformaapolliceartificis.
750 2951 860 3003 rumque
868 2932 984 3004 fatiqa85
1001 2935 1088 2984 Petav.
1108 2934 1253 3006 iterumque

200 3013 352 3063 Maronem.
361 3041 396 3051 —
407 3011 473 3063 Vide
485 3030 546 3082 pag.
561 3012 626 3076 alit,
637 3026 701 3062 tom.
748 3029 856 3064 monens
874 3029 1027 3085 rursumque
1039 3011 1174 3085 fatiqanm
1188 3015 1250 3065 Eae.

199 3093 224 3157 1,
234 3093 299 3144 Stat.
315 3105 385 3144 nost.
399 3093 445 3142 En.
747 3093 824 3161 Burg.
842 3110 993 3163 rursumque
1007 3105 1095 3144 mouet
1108 3093 1252 3164 iterumque

235 3171 296 3224 333.
311 3173 467 3247 lyramque,
484 3189 646 3244 inantemque
662 3189 702 3223 te·
740 3169 852 3242 fatigat.
866 3199 901 3210 --
912 3173 977 3240 lieg.
998 3172 1018 3222 B
1033 3171 1129 3235 habet,
1144 3173 1251 3223 iterum·

199 3264 324 3324 quurttur.
338 3255 405 3304 Nam
417 3251 452 3304 ad
466 3253 554 3322 ignem
570 3270 638 3324 opus
650 3250 703 3304 hnc
746 3271 797 3324 que
816 3269 936 3316 monens,
956 3253 1102 3326 iterumque
1114 3254 1251 3325 fatigatum

200 3345 346 3384 exercetur.
746 3331 810 3402 Reg.
827 3331 861 3394 C,
882 3331 1026 3405 iterumque
1042 3344 1131 3385 mouet
1144 3333 1251 3386 itemm·

234 3411 294 3463 335.
306 3411 422 3462 luctata.
432 3409 493 3460 Non
504 3408 550 3461 diu
559 3411 703 3462 informen·
746 3429 797 3483 que
803 3411 913 3486 fatiqot.

199 3488 235 3540 do
249 3489 378 3542 Achillem
391 3487 531 3541 laboravit.
544 3492 700 3544 utrumn.
781 3489 844 3560 339.
864 3492 895 3541 B.
910 3491 940 3542 T.
954 3491 999 3544 Sic
1014 3508 1074 3566 erqo
1088 3490 1193 3565 produt.
1207 3492 1252 3545 Sic

198 3599 235 3610 -
244 3572 364 3642 Superest
374 3589 435 3621 nom
444 3567 581 3640 plurimus.
593 3573 649 3622 Hoc
661 3571 702 3623 di·
745 3589 792 3645 eqo
802 3571 913 3644 qradum
928 3569 1012 3623 codex
1024 3575 1055 3624 T.
1072 3575 1102 3623 u.
1118 3584 1145 3622 et
1161 3572 1198 3623 ita
1213 3571 1251 3622 le·

199 3655 248 3717 cit,
263 3652 337 3704 houd
355 3650 463 3704 difficile
476 3651 551 3703 matri
565 3653 648 3704 fuisse
664 3654 702 3705 ittt
744 3655 784 3728 git
797 3654 977 3716 Britannicum
988 3653 1031 3706 Sic
1041 3671 1087 3724 eqo
1097 3669 1203 3719 martur,
1216 3652 1252 3704 sic

198 3751 360 3804 componere
370 3731 452 3784 lilium
462 3745 492 3782 ut
504 3731 597 3783 mulier
606 3731 702 3803 proba·
747 3751 806 3798 ora,
815 3732 978 3805 qrodumque
987 3735 1048 3785 lixo.
1058 3733 1136 3803 Burg,
1145 3761 1180 3772 -
1187 3735 1249 3802 Reg.

198 3826 280 3877 retur,
296 3815 358 3884 quia
371 3814 398 3862 in
414 3830 446 3862 eo
458 3825 553 3882 preter
562 3813 630 3864 vires
644 3813 702 3864 ine-
747 3811 766 3860 B
779 3809 860 3862 habet
871 3809 939 3862 hanc
953 3810 1015 3862 lect.
1030 3814 1075 3861 Eo.
1088 3811 1178 3863 -Sic
1190 3831 1251 3883 erqo

198 3902 238 3940 rat
252 3888 334 3942 decor
346 3905 371 3942 et
383 3889 554 3961 pulchritudo
567 3889 701 3962 quedam,
744 3890 854 3963 qmdus,
864 3890 900 3941 tt'c
909 3909 954 3942 ora
965 3908 1120 3962 monuique,
1132 3891 1251 3960 Notesc-

198 3981 227 4017 ut
242 3972 315 4020 texui
333 3970 447 4021 femineo
460 3970 536 4022 vnlrlc
552 3970 700 4022 accederet.
748 3967 1249 4044 rescomiterquemodisimitclrerefictis.

198 4045 280 4110 Nam,
292 4061 320 4098 ut
330 4049 701 4113 Homerusst·ribit,omnium
747 4051 824 4102 Conl.
840 4052 912 4101 Poet.
926 4051 982 4102 Lat.
997 4051 1060 4100 uin.
1078 4065 1142 4101 torn.
1157 4051 1205 4110 ΙΙΙ,
1221 4069 1248 4121 p.

198 4123 349 4176 Graecorum
370 4129 581 4198 speciosissimus
604 4129 655 4179 fuit
675 4141 701 4180 et
747 4129 812 4198 349,
825 4129 904 4180 verba
918 4127 1028 4180 Achillia
1043 4131 1069 4180 in
1083 4129 1251 4182 l'urtltenouo

199 4207 366 4258 fortissimus.
386 4209 510 4260 Βιιιτιιιι.
746 4228 783 4261 vs.
801 4209 845 4262 16:
863 4207 988 4278 adquam
1001 4227 1105 4261 versum
1117 4207 1252 4261 illustran-

233 4283 295 4336 336.
314 4285 416 4338 Inuicto
429 4286 523 4339 virtute
536 4287 617 4339 decor.
636 4289 699 4359 lieg.
746 4288 809 4341 dum
821 4287 952 4340 adductus
960 4301 1000 4341 est
1010 4289 1100 4340 Nostri
1109 4287 1194 4342 locus.
1203 4291 1249 4341 En.
