3196 5158
384 502 427 567 30
618 502 655 566 P.
680 503 716 565 P.
742 501 896 568 STATll
920 502 1196 573 THEBAIDOS

427 625 593 696 Audimus
606 640 721 719 gentes
736 652 743 692 :
757 625 828 707 dic,
841 649 862 693 o
873 651 1009 720 precor,
1022 647 1136 697 extera
1148 655 1265 722 regum

428 739 589 829 Agmina:
604 760 683 804 nam
695 733 808 819 video,
820 761 896 832 quae
908 756 1024 806 noster
1036 742 1130 831 signs
1146 746 1353 828 Menoeoerm,
1379 757 1431 811 250

426 853 509 934 Quae
523 864 638 916 noster
650 864 743 942 gerat
754 873 848 917 arma
858 853 986 934 Creon,
1000 875 1103 946 quam
1115 851 1224 920 celsus
1237 852 1345 922 ahena

427 960 573 1054 Sphinge
585 983 646 1052 per
657 963 809 1054 ingentes
822 961 1040 1032 Homoloidas
1053 980 1149 1030 exeat
1160 967 1312 1032 Haemon.
1325 995 1339 1028 e
1401 983 1404 990 ’

472 1072 524 1138 Sic
536 1069 629 1138 rudis
641 1073 805 1162 Antigone
818 1098 824 1137 :
838 1073 950 1140 senior
961 1075 1016 1139 oui
1029 1072 1108 1140 talis
1121 1073 1287 1142 Phorbas:

430 1213 444 1242 a
456 1180 549 1249 Mille
561 1181 760 1273 sagittiferos
772 1181 891 1274 gelidae
902 1180 944 1250 de
958 1182 1044 1251 colle
1055 1187 1221 1275 Tanagrae

426 1297 686 1360 Promovetecoe
695 1293 961 1386 Dryasthic,cui
970 1297 1066 1362 nivea
1074 1319 1169 1363 arma
1178 1294 1359 1363 tridentem
1378 1308 1429 1364 255

424 1410 533 1498 Atque
544 1425 627 1470 auro
638 1402 722 1470 rude
734 1402 864 1472 fulmen
875 1403 1016 1486 habeut,
1028 1408 1163 1476 Orionis
1175 1404 1235 1474 alti

377 1588 525 1642 descendere
544 1599 620 1641 totos.
642 1591 707 1660 Reg.
729 1590 766 1655 B,
788 1589 881 1643 cixilla
961 1591 1021 1658 254.
1042 1593 1177 1666 Tanagrae.
1195 1592 1330 1664 Oppidum
1350 1594 1428 1645 Bneo·
1508 1589 1510 1594 ’

378 1687 438 1720 curn
448 1666 525 1719 litera
536 1687 551 1719 e
563 1686 642 1739 super
653 1668 663 1718 i
674 1669 770 1740 scripta
784 1668 880 1733 baben
924 1673 965 1724 tiae
975 1671 1116 1724 Ptolemaeo
1127 1686 1152 1724 et
1163 1671 1302 1738 Straboni,
1315 1691 1373 1742 qua
1384 1691 1428 1724 vo·

377 1749 440 1817 Reg.
451 1745 550 1796 Cnost.
562 1745 621 1797 lect.
633 1747 679 1797 Eo.
688 1747 817 1799 -Poten
827 1751 881 1800 Vo-
924 1765 1001 1802 catur
1014 1750 1094 1804 bodie
1112 1751 1249 1802 Anatoria.
1268 1751 1364 1802 Scribit
1378 1752 1429 1802 La·

378 1828 614 1897 catpatrem,quia
625 1829 738 1879 nutritor
747 1841 813 1880 erat.
825 1830 881 1880 Nu·
924 1835 1037 1884 etantius
1048 1850 1105 1883 esse
1117 1831 1209 1882 urbem
1221 1831 1326 1882 Euboeae
1338 1829 1429 1882 insulae

376 1907 454 1957 trices
466 1906 546 1957 etiam
558 1917 655 1956 matres
668 1906 833 1957 vocabantur
846 1908 879 1959 ab
924 1926 1019 1981 postea
1033 1924 1154 1964 vocatam
1172 1911 1355 1962 Penanoriam.
1370 1911 1429 1960 Fuit

377 1985 497 2038 alumnis.
511 1986 584 2037 Sicut
598 1997 690 2037 contra
705 1985 744 2038 lue
758 1984 880 2039 alumnos
924 2005 951 2043 et
959 1991 1076 2061 ejusdem
1086 1992 1199 2043 nominis
1207 1989 1272 2043 urbs
1280 1992 1306 2041 in
1314 1989 1427 2042 Perside.

377 2078 404 2117 et
415 2064 534 2116 slurnnas
547 2062 614 2116 lilios
624 2077 650 2115 et
660 2062 725 2118 filias
737 2065 880 2120 vocabant.
962 2073 1021 2126 255.
1041 2074 1133 2143 Dryas.
1144 2071 1276 2145 Drynabic
1285 2084 1340 2136 est,
1351 2088 1429 2142 quem

376 2175 412 2184 -
425 2141 530 2218 Pelopis
545 2156 640 2216 pentes.
656 2144 879 2218 Peloponnesios,
924 2155 1009 2205 Diana
1020 2155 1148 2205 transfixit
1160 2154 1261 2222 sagittis
1273 2151 1308 2202 ob
1320 2151 1429 2203 interfe-

377 2226 423 2299 qui
432 2224 485 2298 hoo
495 2244 592 2278 nomen
603 2244 619 2277 a
628 2225 725 2297 Pelope
736 2226 851 2280 trabunt.
886 2263 893 2274 ι
925 2246 997 2283 ctum
1004 2231 1236 2302 Parthenopnum,
1244 2244 1274 2282 ut
1282 2228 1428 2283 videbimus

413 2303 473 2357 250.
492 2304 646 2356 Menoeeeus.
655 2304 736 2357 Filius
746 2306 881 2376 Creontis,
924 2308 1430 2380 Tbeb.1ll.DiciturOrionisnepoe.-

377 2384 422 2454 qni
438 2401 465 2436 se
480 2381 586 2434 devovit
605 2401 653 2453 pro
671 2383 763 2451 salute,
774 2388 880 2456 patrie,
926 2389 1074 2440 Tridentem
1085 2389 1172 2461 Atque
1180 2406 1244 2440 auro
1255 2387 1315 2440 rude
1320 2386 1429 2458 fulmen

376 2474 407 2513 nt
419 2461 566 2513 videbimus
581 2460 665 2512 Theb.
679 2463 713 2514 X.
926 2467 1008 2518 habet.
1023 2468 1106 2538 Dryas
1121 2468 1191 2518 enim
1210 2464 1313 2518 ferebat
1333 2465 1387 2518 hec
1400 2466 1429 2516 in

413 2542 878 2618 251.Qooenoster9eratama.neg.
924 2543 1003 2598 fidem
1026 2545 1149 2614 generis;
1171 2559 1254 2616 nepos
1277 2544 1349 2596 enim
1372 2555 1429 2594 erat

375 2621 409 2686 ll,
429 2622 492 2692 Quae
508 2631 594 2673 noster
608 2633 680 2693 repat
695 2641 770 2674 arena
782 2622 879 2689 haben
924 2625 1047 2690 Orionis,
1064 2629 1140 2696 cujus
1159 2639 1248 2696 patres
1267 2626 1390 2696 luppiter
1402 2635 1430 2675 et

374 2702 475 2771 Regc
494 2714 564 2753 nost.
585 2700 646 2753 lect.
667 2702 711 2752 En.
733 2731 769 2742 -
789 2705 879 2756 Creon.
924 2705 1066 2774 Neptunus
1083 2703 1216 2756 dicuntur.
1236 2701 1303 2756 Vide
1321 2705 1428 2754 Excurs.

375 2782 602 2848 FraterJocastae,
613 2783 791 2852 quisuooesait
801 2785 881 2835 Eteo-
925 2783 960 2836 ad
975 2783 1073 2834 calcem
1089 2781 1169 2852 hujus
1183 2781 1251 2833 libri.
1272 2783 1318 2832 Eo.

375 2858 419 2910 cli.
441 2889 476 2899 -
494 2859 588 2911 Aheno
608 2860 735 2934 Sphinge.
756 2859 881 2929 Casside,
962 2863 1021 2916 256.
1044 2863 1147 2915 Orionis
1166 2860 1224 2912 alti.
1246 2863 1349 2931 Pauper
1369 2859 1429 2929 qui-

375 2941 452 3009 eujus
463 2938 630 2992 altitudinem
640 2942 667 2991 in
678 2943 828 2994 summitate
839 2941 882 2994 ad·
925 2941 986 2996 dam
999 2945 1106 2994 nomine
1118 2942 1226 3005 llireus,
1239 2957 1320 3011 quum
1330 2937 1428 2991 liberos

371 3020 443 3088 jecta
463 3031 571 3071 auxerat
588 3017 717 3089 sphinge:
736 3021 792 3071 sive.
805 3023 881 3092 signa
925 3038 981 3072 nou
1002 3017 1129 3083 haberet,
1149 3019 1224 3088 petiit
1243 3036 1258 3070 a
1278 3018 1357 3082 Jove,
1376 3019 1429 3068 Ne·

375 3097 565 3150 Thebanorum
585 3097 708 3171 sphingas
728 3117 785 3152 esse
803 3118 881 3151 mon·
925 3111 1027 3170 ptuno,
1039 3112 1065 3150 et
1075 3098 1221 3163 Mercurio,
1235 3113 1301 3168 quos
1311 3096 1428 3166 hospitio

376 3180 488 3229 stravits
510 3191 540 3228 ut
560 3177 630 3229 enim
653 3175 726 3246 apud
746 3180 880 3233 Romanos
925 3191 1093 3248 susceperat,
1112 3191 1141 3229 ut
1159 3177 1208 3230 sibi
1228 3176 1311 3228 lilium
1325 3175 1427 3228 darent.

376 3255 470 3326 aquilae
479 3254 646 3308 habebuntur
654 3257 736 3325 signis
744 3259 880 3328 apposito,
925 3259 958 3310 lli
971 3258 1128 3328 lactamina
1142 3258 1209 3308 iutra
1222 3258 1324 3308 corium
1338 3254 1428 3319 bovis,

375 3335 413 3387 sic
433 3332 624 3386 Thebanorum
646 3333 773 3407 sphingos
793 3336 881 3390 vultus
926 3355 1005 3408 quem
1015 3337 1109 3388 Hireua
1119 3335 1169 3388 illis
1180 3333 1368 3396 immolaverat,
1379 3330 1430 3403 pli·

375 3414 499 3466 ornabat.
518 3416 646 3466 Ltortnr.
925 3429 1040 3486 natoque
1055 3415 1142 3479 corio,
1153 3417 1302 3484 jusserunt,
1315 3425 1345 3464 ut
1357 3430 1429 3464 corn·

412 3493 472 3548 252.
491 3493 608 3568 Splsinpe
619 3511 667 3566 per
677 3495 731 3570 inq.
743 3494 882 3549 Homoloi-
924 3494 1003 3565 pletis
1020 3493 1154 3546 mensibus
1173 3495 1297 3544 maternis
1311 3488 1429 3543 solvere-

375 3573 429 3626 das.
437 3573 536 3645 Spinpe
545 3571 647 3622 Behott.
656 3573 780 3648 Spltynqe
789 3577 816 3628 in
827 3596 881 3630 nm·
926 3587 983 3636 tur;
999 3590 1052 3644 quo
1067 3573 1139 3624 facto
1153 3590 1221 3642 puer·
1234 3573 1370 3635 inventus,
1385 3573 1429 3622 eui

374 3652 454 3702 nibus
473 3652 528 3702 fere
543 3649 603 3702 edd.
624 3651 793 3706 Homoloidas
810 3656 878 3709 Dan.
924 3651 1014 3704 datum
1034 3669 1131 3704 nomeu
1147 3652 1250 3704 Orioni.
1269 3653 1317 3702 llic
1334 3662 1429 3721 postea

374 3728 542 3782 Homoloidis
555 3727 634 3782 Aldd.
654 3729 739 3784 Colin.
757 3746 783 3786 et
800 3736 878 3788 basil.
924 3731 1050 3801 grandior
1069 3733 1156 3785 lactus
1176 3731 1311 3782 venationi
1331 3747 1358 3782 se
1379 3727 1428 3780 de·

373 3806 548 3860 Homoloidas
555 3809 638 3880 Lang.
652 3810 877 3885 Buslid.Lipsian.
924 3811 975 3878 dit,
994 3825 1157 3884 repertaeque
1175 3831 1224 3883 per
1242 3811 1320 3865 silvas
1338 3813 1428 3864 Dianae

374 3900 401 3939 et
422 3885 507 3938 Plant.
523 3886 695 3942 Homoloidas
712 3891 799 3944 Petav.
814 3894 877 3946 Lin-
922 3895 974 3944 vim
986 3893 1084 3944 inferre
1098 3892 1196 3958 voluit,
1209 3891 1255 3944 sed
1266 3891 1299 3944 ab
1312 3893 1370 3963 ipsa
1386 3909 1428 3942 sa-

375 3963 506 4038 denbrog.
521 3967 600 4020 Crue.
615 3981 642 4018 et
655 3982 765 4022 recentt.
775 3999 812 4010 -
820 3971 878 4024 110-
922 3974 993 4043 gittis
1005 3975 1057 4026 fnit
1068 3975 1218 4028 confossus.
1230 3974 1354 4024 Lucanus
1364 3971 1429 4024 dicit

374 4043 512 4098 moloidas.
536 4047 628 4097 Portas
650 4061 752 4118 septem
770 4049 878 4104 Theba·
923 4069 1044 4126 serpente
1058 4055 1166 4106 aDiana
1176 4055 1292 4107 immisso
1302 4053 1426 4124 periisse:

375 4123 878 4201 rumsicdictas.—-Hoemon.Ejusdem
922 4134 1030 4188 tandem
1046 4137 1165 4188 Deorum
1177 4137 1345 4189 miseratione
1358 4136 1427 4188 inter

375 4207 495 4260 Creontis
509 4204 596 4274 lilius,
610 4221 636 4261 et
647 4208 727 4262 frater
739 4211 877 4264 Menoeoei.
922 4227 993 4266 sstm
1008 4213 1106 4268 relatus
1120 4229 1168 4266 est.
