3264 5166
638 557 781 624 crena
806 559 866 624 nt.
1208 563 1277 648 249

275 692 373 756 Tunc
383 687 486 756 miser
497 703 532 756 et
542 687 658 756 frenos
670 687 840 770 turbatus,
853 701 887 755 et
897 709 991 754 arma
1002 690 1146 770 remisit,

276 797 433 868 Vulneris
446 800 642 892 impatiens,
654 796 788 866 humeri
801 821 868 893 qua
880 799 1026 889 tegmina
1038 797 1146 866 dextri

275 907 436 993 lntr'arat,
448 908 647 1004 facilemque
659 924 771 978 cutem
783 909 873 978 subit
884 905 989 976 altera
1001 911 1129 1002 cuspis,

273 1018 537 1112 Cornipedisque
549 1017 664 1110 fugam
677 1019 808 1086 succiso
819 1014 946 1110 poplite
958 1018 1055 1084 sistit.
1222 1031 1275 1102 874

274 1135 372 1198 Tunc
383 1128 472 1198 cadit
482 1131 555 1222 ipse
565 1134 689 1221 Dryas,
701 1131 846 1210 mirum,
858 1151 921 1195 nec
933 1126 1082 1196 vulneris
1094 1151 1239 1222 usquam

273 1244 451 1322 Conscius,
464 1238 545 1308 olim
557 1254 675 1307 auctor
686 1237 761 1319 teli,
775 1261 952 1331 causaeque
964 1235 1135 1330 patebant.

321 1359 364 1420 At
374 1376 460 1446 puer
472 1352 603 1420 infusus
616 1353 730 1434 sociis,
745 1353 780 1418 in
792 1350 889 1418 devia
901 1352 1011 1442 campi

274 1464 433 1548 Tollitur,
446 1463 514 1532 beu
525 1462 669 1555 simplex
680 1469 775 1529 aetas!
789 1464 1004 1556 moriensque
1012 1458 1181 1553 jacentem

276 1576 391 1645 Flebat
402 1599 528 1670 equum
540 1603 547 1642 ι
560 1574 680 1643 cecidit
690 1571 800 1642 laxata
812 1571 942 1642 casside
953 1572 1083 1655 vultus,

275 1693 440 1782 AEgraque
451 1712 513 1780 per
524 1686 674 1781 trepidos
686 1688 834 1779 exspirat
846 1689 950 1778 gratia
961 1687 1070 1768 visus,
1222 1701 1276 1755 880

275 1803 317 1866 Et
327 1801 460 1892 prensis
470 1820 636 1867 concussa
646 1799 767 1880 comis,
780 1811 832 1864 ter
843 1793 946 1878 colla,
961 1809 1147 1889 quaterque

264 2049 324 2118 872.
340 2048 372 2103 V.
383 2049 400 2098 i.
412 2048 439 2100 t.
448 2067 502 2120 qua
512 2051 625 2124 teqmiaa
635 2050 725 2101 dextri.
771 2047 862 2118 perias
873 2046 907 2098 ad
915 2063 1021 2098 versum
1030 2041 1097 2116 667,
1108 2045 1273 2116 promiserat.

231 2126 528 2201 «lnoptimolibroquo
538 2130 664 2200 scriptum
674 2142 725 2181 est:
817 2127 878 2194 878.
903 2127 964 2178 Heu
985 2125 1098 2195 simplex
1116 2129 1196 2177 atas!
1218 2144 1275 2177 mo-

229 2217 259 2256 ut
272 2202 413 2276 legendum
429 2205 501 2259 dicas
513 2209 613 2279 quod·
629 2209 725 2260 Bsarn.
772 2207 889 2279 risusque
904 2209 1034 2278 jacentem
1057 2203 1149 2256 Flebat
1168 2223 1272 2276 equum.

230 2283 303 2341 Unus
313 2283 406 2336 Babot.
419 2283 500 2338 babet
512 2287 591 2337 etiam
603 2288 680 2358 quod.
692 2317 729 2326 -
772 2284 881 2338 Ovidius
890 2287 917 2336 in
925 2285 1081 2355 Proserpina
1091 2283 1203 2334 similem
1213 2284 1274 2336 sim-

228 2362 290 2435 lleg.
301 2365 401 2437 Bquod
408 2366 520 2437 teymiae
528 2366 610 2418 dextri
614 2389 624 2428 ,·
634 2367 729 2437 Repe
771 2367 915 2438 plicitatem
931 2364 1062 2428 ostendit,
1073 2364 1136 2416 Met.
1152 2367 1190 2431 V,
1205 2369 1253 2430 4⁰¹
1267 2385 1273 2413 :

228 2455 346 2496 nostram
358 2443 418 2496 lect.
436 2446 483 2496 Eo.
775 2443 904 2497 «Collecti
915 2443 992 2496 flores
1001 2445 1095 2496 tunicis
1106 2441 1224 2494 cecidere
1234 2460 1274 2494 re·

263 2521 324 2590 873.
336 2523 464 2588 intrarat,
471 2521 634 2595 facilemque
644 2535 727 2576 cutem
772 2525 856 2578 missis
864 2547 870 2575 :
878 2525 1016 2594 Tantaque
1026 2521 1176 2592 simplicitas
1186 2523 1273 2591 pueri-

225 2600 295 2657 sulit
304 2601 386 2654 allero
399 2603 489 2673 cuspis.
501 2601 622 2654 Barthius
636 2602 728 2654 distin·
772 2602 841 2655 lib‘us
848 2601 934 2654 adfuit
941 2603 1030 2662 annis;
1039 2603 1099 2652 Haec
1108 2619 1216 2673 quoque
1225 2601 1274 2651 vir-

228 2681 302 2750 guit:
312 2679 474 2755 facilemque
489 2692 582 2734 cutem.
600 2682 675 2734 Subit
687 2681 727 2734 al·
770 2686 876 2755 gineum
897 2685 978 2735 movit
995 2685 1100 2752 jactura
1120 2681 1269 2734 dolorem·

229 2769 282 2814 iera
293 2759 387 2830 cuspis,
400 2772 450 2812 etc.
772 2793 806 2803 -
820 2763 929 2814 Dulcem
945 2781 1008 2814 sone
1025 2776 1051 2814 et
1067 2763 1151 2832 gratia
1166 2760 1273 2832 plenam

264 2838 324 2910 875.
345 2843 419 2894 Tunc
429 2840 499 2893 cadit
512 2844 565 2914 ipse
575 2843 668 2911 Dryas.
683 2845 727 2893 ln·
772 2843 912 2914 imaginem
929 2842 963 2893 ab
979 2841 1074 2894 Ovidio
1090 2840 1273 2892 adumbratam

229 2917 324 2974 visibili
335 2919 435 2972 scilicet
443 2921 532 2972 Dianas
543 2920 596 2973 telo
607 2922 634 2972 in
644 2920 729 2972 vindi·
772 2920 861 2993 plures
881 2921 957 2974 facile
975 2920 1127 2980 admittent;
1142 2916 1189 2970 sed
1200 2916 1274 2969 baud

229 3009 298 3048 ctam
305 2996 728 3069 necisParthenopaei,supraenim
773 3002 828 3052 scio
843 3019 876 3051 an
890 2998 1096 3068 Partlrenopao,
1109 2997 1201 3066 juveni
1215 2996 1273 3066 qui-

228 3077 356 3130 Dianasic
361 3077 486 3150 loquitur,
492 3077 643 3148 665etsqq:
653 3101 663 3123 a
672 3078 728 3128 Nec
772 3077 849 3146 dern,
862 3077 985 3129 bellatori
994 3091 1081 3128 tamen
1090 3076 1236 3127 fortissimo
1247 3086 1273 3126 et

229 3156 311 3226 fugiet
319 3176 411 3228 poenas
419 3158 578 3228 quicumque
587 3156 728 3209 nefandam
768 3163 823 3230 jam
844 3159 932 3210 multis
951 3156 1067 3210 cudibus
1087 3155 1272 3226 bellorumque

228 3234 340 3292 insontis
356 3239 431 3309 pueri
448 3236 587 3289 scelerabit
600 3239 727 3306 sanquine
771 3239 859 3311 palma
871 3240 1010 3310 insignito,
1019 3236 1145 3309 puellaris
1155 3238 1203 3289 ista
1213 3239 1274 3290 sim·

228 3312 346 3368 dextram
358 3317 473 3386 impius,
490 3330 517 3367 et
530 3317 625 3368 nostris
640 3318 680 3367 fas
695 3318 728 3368 sit
772 3316 876 3389 plicitas
885 3320 1006 3389 apprime
1015 3317 1164 3369 conveniat.
1174 3318 1272 3369 Forsan

228 3396 315 3449 sarire
329 3397 438 3466 sagittis.
449 3418 460 3442 ι
474 3397 601 3448 Ceterum
615 3394 659 3446 hie
672 3413 728 3448 ver·
773 3411 800 3450 et
810 3397 854 3450 hic
865 3400 964 3450 Noster
976 3398 1131 3448 luxuriatur.
1144 3399 1190 3448 Eo.

229 3491 273 3526 sus
283 3486 310 3526 et
321 3493 432 3546 sequens
441 3474 543 3547 Guyeto
556 3477 680 3544 suspecti.
808 3479 869 3547 879.
889 3479 917 3529 F.
930 3497 951 3529 e.
964 3496 987 3529 c.
1000 3475 1088 3528 laxata
1105 3475 1199 3528 casside
1215 3476 1274 3530 vul-

264 3552 324 3622 876.
346 3555 476 3616 Conscius,
489 3552 555 3604 olim
567 3563 659 3604 auctor
669 3552 727 3618 teli,
774 3566 812 3607 tus
838 3556 930 3608 «Male
942 3553 1064 3606 nonnulli
1075 3552 1216 3619 librorum,
1229 3555 1275 3624 qui

228 3649 360 3703 causaque
381 3633 514 3704 patebant.
539 3634 613 3684 Unus
636 3631 726 3683 Behot.
774 3633 866 3686 lassata
881 3634 1031 3687 scribunt·
1050 3634 1145 3685 Binan.
1160 3663 1195 3674 -
1209 3635 1273 3702 neg.

228 3721 306 3762 actor.
320 3712 401 3782 Lang.
418 3710 514 3770 Buslid.
527 3712 643 3782 Lipsian.
659 3711 726 3764 Dan.
772 3717 792 3765 B
809 3714 891 3767 babet
907 3713 977 3766 banc
993 3713 1151 3775 lectionem
1169 3714 1233 3783 lieg-
1252 3711 1274 3767 G

229 3791 316 3842 Petar.
331 3790 436 3854 Bebott.
455 3809 477 3858 r,
491 3809 522 3858 2,
534 3793 650 3844 Petrens.
664 3793 726 3843 Exc.
772 3807 897 3846 nostram.
916 3795 962 3845 En.

228 3868 373 3922 Cantab.et
381 3869 440 3924 edd.
448 3882 511 3922 vett.
519 3871 657 3943 patebant,-
667 3871 729 3920 Ber-
807 3874 869 3926 880.
889 3871 942 3923 Per
953 3871 1071 3943 trepidos.
1086 3869 1275 3932 Convelluntur

229 3952 329 4003 uastius
338 3963 365 4002 et
373 3951 462 4003 Barth.
473 3951 613 4024 legendnm
622 3964 729 4022 putare·
774 3953 844 4003 euim
858 3953 886 4002 in
898 3964 983 4003 morte
996 3950 1075 4002 oculi.

228 4042 290 4081 runt
306 4031 440 4104 patebunt.
457 4061 491 4073 -
507 4033 571 4102 Ποῦ.
592 4035 613 4082 Β
633 4030 729 4099 habet,
810 4033 870 4085 aar.
890 4033 926 4082 Et
938 4033 1037 4105 prensis
1052 4048 1172 4084 concussa
1187 4030 1274 4082 comis.

228 4126 360 4180 causaeque
372 4111 510 4182 patebunt,·
528 4112 592 4182 Reg.
609 4112 631 4164 C
646 4124 726 4163 nostr.
774 4113 842 4164 Nam
861 4111 996 4161 morituris
1012 4108 1099 4162 solent
1112 4111 1214 4177 erigere
1228 4125 1275 4158 ca-

228 4187 287 4238 lect.
302 4189 349 4240 En.
364 4219 399 4228 —
414 4189 540 4241 Conscius.
553 4190 576 4240 A
588 4190 674 4240 Diana
689 4190 729 4240 iu·
773 4191 846 4259 pita,
860 4208 950 4242 comas
962 4187 1141 4240 concutiendo
1156 4190 1208 4237 siva
1223 4185 1276 4236 vol-

230 4263 353 4337 telliqitur
360 4268 444 4338 Dryas
455 4270 571 4334 occisus,
581 4281 610 4319 ut
620 4271 676 4337 ipsa
687 4286 728 4320 stt·
774 4267 1075 4339 lendo,quasirerocrnt
1083 4266 1152 4320 illius
1160 4283 1274 4324 sensum.
