3284 5162
400 517 466 584 336
530 561 531 566 1
635 518 671 579 Ρ.
698 517 733 579 P.
759 514 914 582 STATII
936 517 1213 584 THEBAIDOS

445 649 510 710 Pro
522 639 650 735 pudor,
664 639 699 706 hi
711 637 841 723 faciles,
855 664 1059 736 carmenque
1070 640 1205 711 imbelle
1216 647 1339 727 secun,

445 753 657 835 Et,mentita
668 748 727 817 diu
740 748 936 818 Thebarum
950 749 1202 834 labu1a‚muri?
1392 768 1443 836 875

449 868 492 930 Et
503 860 666 957 quidnam
678 863 851 953 egregium
863 877 1076 954 prosternere
1088 865 1210 930 muenia
1222 865 1317 932 molli

446 979 576 1044 Structa
586 973 681 1066 lyra?
693 1005 706 1034 υ
723 972 824 1041 simul
836 973 1232 1070 insultanssgressuque,
1245 1000 1415 1072 manuque

446 1085 592 1154 Molibus
605 1084 776 1153 obstantes
788 1109 929 1168 eunucu,
939 1085 1156 1181 tabulataque
1168 1111 1276 1158 saevus

446 1201 615 1266 Destruit:
629 1196 790 1264 absiliunt
800 1212 938 1289 pontes,
950 1201 1098 1293 tectique
1109 1201 1280 1268 trementis

446 1313 549 1378 Saxea
561 1309 656 1375 frene
670 1305 800 1389 lebant,
813 1306 1031 1402 disseptoque
1043 1332 1162 1400 aggere
1174 1335 1293 1379 rursus
1391 1325 1443 1378 880

446 1422 577 1499 Utitur,
590 1433 623 1484 et
634 1432 772 1484 truncas
784 1441 886 1510 rupes
897 1421 933 1485 in
944 1417 1086 1512 templa,
1100 1418 1286 1518 domosque

446 1530 649 1620 Praecipitat,
663 1528 854 1622 frangitque
867 1531 937 1602 suis
946 1526 1017 1620 jem
1029 1528 1196 1597 moenibus
1209 1531 1338 1598 urbem.

401 1707 407 1714 ,
491 1643 634 1732 Jamque
646 1642 764 1704 Jovem
776 1641 863 1705 circa
875 1636 995 1705 studiis
1007 1636 1138 1706 diversa
1150 1639 1335 1708 fremebant

445 1749 609 1844 Argolici,
621 1751 784 1844 Tyriique
796 1751 858 1817 Dei
871 1775 879 1816 ε
892 1766 988 1842 pater
998 1773 1116 1844 aequus
1128 1754 1280 1846 utrisque

446 1863 595 1955 Adspicit
607 1865 759 1954 ingentes
772 1861 950 1930 ardentum
962 1865 1114 1932 cominus
1125 1867 1207 1947 iras,
1389 1877 1441 1932 885

426 1975 553 2067 *Seque
565 1972 698 2040 obstare
710 1972 938 2064 videt:gemit
949 1975 1139 2043 inservante
1150 1999 1293 2044 noverca
1339 1991 1348 2001 ·

435 2227 495 2299 874.
517 2231 676 2303 Cannenque
693 2229 796 2282 imbelle
809 2232 897 2283 secuti.
943 2247 1044 2298 torum,
1056 2251 1113 2306 quae
1125 2236 1309 2305 constringunt
1321 2248 1345 2286 et
1358 2237 1443 2288 conti·

400 2307 470 2374 Quin
481 2307 631 2379 Amphione
640 2322 763 2361 cantante
773 2311 854 2363 fuisse
864 2309 900 2363 di·
942 2326 1007 2365 nent
1022 2311 1228 2368 vedificationem.
1246 2315 1363 2384 lugentia
1378 2333 1442 2368 saxa

399 2399 496 2437 cuntur
509 2399 675 2437 constructus.
694 2390 820 2440 Lscrtur.
943 2411 1001 2464 quae
1013 2405 1110 2444 tectum
1124 2393 1296 2446 sustinebant.

433 2467 493 2536 875.
508 2469 558 2532 Et,
574 2469 682 2518 mentitu
693 2469 738 2519 diu
752 2469 896 2521 Thebarum
978 2471 1037 2523 881.
1060 2472 1154 2537 Utibtr,
1170 2481 1197 2522 et
1208 2483 1310 2524 truncas
1323 2487 1396 2540 nepes
1412 2473 1440 2523 in

391 2546 503 2618 fabula,
514 2546 598 2597 mitri?
606 2545 743 2599 Himerius
753 2547 808 2599 dies
817 2549 844 2600 in
852 2550 897 2599 iis·
943 2550 1055 2621 templa,
1070 2552 1216 2622 domosque.
1233 2552 1296 2621 lieg.
1311 2551 1331 2600 B
1344 2549 1441 2616 habet,

396 2624 457 2675 dent
477 2623 649 2687 membranis;
670 2625 740 2677 unde
759 2624 894 2678 Barthius:
945 2629 1041 2696 Utitur,
1057 2641 1082 2681 et
1096 2641 1197 2680 truncas
1209 2629 1278 2681 mdis
1293 2631 1361 2682 inter
1377 2641 1440 2681 tem-

397 2704 435 2754 Hi
446 2705 554 2755 mentita
565 2705 645 2769 Deos,
657 2717 708 2755 etc.
938 2707 1004 2782 plu,
1025 2710 1181 2780 domosquer
1201 2710 1263 2779 lleg.
1282 2711 1304 2762 G
1321 2723 1441 2762 nostram

432 2785 491 2855 876.
510 2786 547 2836 -Et
562 2784 687 2856 quidnam
704 2787 842 2859 egregium.
860 2788 897 2838 Et
939 2789 1088 2838 lectionem.
1102 2788 1148 2838 En.
1159 2815 1194 2826 -·
1210 2787 1303 2837 Utitur.
1315 2789 1403 2839 Utitur
1412 2789 1440 2838 in

396 2864 460 2933 quid
476 2864 545 2914 enim
562 2883 592 2914 ex
610 2867 711 2934 optimo
725 2863 819 2917 codice
832 2866 896 2936 legit
939 2863 1038 2916 hostes.

397 2940 534 3001 barthius3
557 2943 593 2992 Et
611 2943 676 3014 quid
692 2955 745 2995 tum
765 2945 894 3018 egregium
975 2942 1036 3009 884.
1047 2944 1127 2995 Pater
1137 2959 1226 3016 oequus
1237 2944 1358 3016 utrisque.
1369 2945 1439 2996 Neu·

395 3022 456 3074 Exc.
469 3024 546 3074 Cant.
562 3024 677 3075 Petrens.
694 3037 719 3075 et
733 3024 817 3076 codex
832 3024 895 3076 Col·
941 3025 987 3074 tris
999 3025 1099 3074 favens.

396 3103 894 3178 legiiEmanuelis.ltaquoqueexcodd.
976 3103 1035 3156 886.
1054 3102 1137 3172 Seque
1150 3102 1248 3154 obstare
1265 3103 1348 3154 uidet:
1359 3103 1442 3174 qemit

396 3181 519 3232 emendat
534 3182 618 3234 Bentl.
632 3181 665 3234 ad
678 3185 768 3235 Horat.
782 3186 830 3250 111,
842 3183 893 3238 Od.
941 3182 1083 3234 inservante
1098 3189 1215 3233 nouerca.
1234 3180 1327 3233 liebot.
1347 3198 1370 3248 ι,
1389 3201 1439 3253 pro

396 3258 427 3324 3,
441 3256 492 3324 65,
505 3270 531 3309 et
541 3261 578 3324 11,
591 3259 643 3310 Sat.
655 3260 687 3324 3,
700 3261 758 3313 283.
939 3279 963 3313 v.
981 3261 996 3312 l.
1010 3263 1168 3333 inspectante
1178 3277 1302 3322 πωπω,-
1316 3260 1409 3314 Bebot.
1423 3279 1438 3313 2

430 3340 490 3410 878.
504 3343 609 3393 Cuneus.
618 3341 895 3412 Munimenta‚quibus
939 3343 1020 3412 Lang.
1033 3343 1111 3392 Laut.
1123 3338 1221 3392 Buslid.
1232 3341 1348 3411 Lipsian.
1357 3337 1438 3392 atdd.

395 3417 477 3469 moles
489 3417 678 3473 innitebantur.
690 3419 787 3483 Conci,
800 3437 895 3471 cunea·
941 3433 966 3470 et
980 3419 1064 3470 Plant.
1080 3417 1219 3488 infestante
1233 3436 1356 3480 novercc5
1369 3419 1437 3471 Dan.

394 3511 420 3547 ta
435 3501 612 3562 munimenta,
631 3515 646 3548 a
666 3499 753 3549 forma
772 3502 848 3552 cunei
866 3501 894 3550 in
940 3500 997 3550 Put.
1012 3495 1190 3568 Lindenbrog.
1202 3497 1309 3550 Gevart.
1321 3499 1437 3550 Grasser.

395 3589 501 3628 acutum
515 3574 666 3626 desinentis.
938 3577 1047 3630 Amstel.
1063 3578 1180 3632 Gronov.
1197 3581 1278 3628 Vcen.
1299 3592 1325 3628 et
1339 3577 1436 3648 Delpb.

430 3656 490 3722 879.
510 3653 639 3705 Destntit:
655 3652 778 3706 absiliunt
786 3664 892 3724 pontes,
939 3661 1082 3712 inservante
1091 3675 1214 3717 noema,-
1224 3655 1278 3708 duo
1288 3656 1367 3709 codd.
1377 3658 1439 3708 Bne·

395 3735 503 3803 tectique
528 3732 665 3785 trementis.
691 3733 801 3786 Restmit
825 3735 892 3785 Dan.
939 3727 1007 3788 tltii:
1027 3736 1148 3807 infestare
1167 3753 1284 3788 noverea.
1303 3765 1337 3774 -
1354 3735 1438 3807 Seque

395 3811 511 3882 tentique
531 3812 661 3864 trennentis
683 3815 710 3864 in
733 3811 893 3885 quibusdam
939 3817 1035 3866 obstare
1045 3815 1120 3867 uidet.
1131 3817 1273 3866 Nemsnus
1284 3828 1438 3883 conserent,

394 3889 474 3942 codd.
491 3889 595 3942 barthii.
617 3921 651 3929 —-
674 3893 738 3963 Reg.
757 3894 777 3943 B
796 3892 893 3959 habet,
940 3893 1436 3960 aedimicenn-Inseruantenouercm

394 3971 518 4022 destruit:
537 3968 662 4022 absiliunt
675 3983 768 4042 pontes
786 3971 893 4044 lectique
938 3970 968 4024 ld
983 3985 1038 4036 est,
1056 3971 1176 4024 trucibus
1194 3985 1221 4023 et
1239 3971 1357 4024 sollicitis
1375 3991 1437 4025 eum

392 4062 543 4124 prementes.
555 4053 648 4102 En-
662 4055 762 4104 Pontes.
774 4052 892 4104 Tabula·
939 4050 1022 4104 oculis
1043 4052 1187 4103 denotante
1212 4071 1242 4102 ac
1266 4051 1435 4122 adspicientc.

394 4145 481 4181 torum
494 4132 605 4200 species.
807 4139 809 4146 '
938 4130 1054 4183 Verbum
1062 4130 1161 4201 alioqui
1170 4132 1280 4202 Papinio
1288 4133 1435 4201 proprium.

429 4211 489 4263 880.
509 4210 535 4260 F
535 4227 604 4261 rena.
619 4211 766 4280 Compages
781 4209 893 4279 quadra·
937 4209 1065 4262 Thebaid.
1079 4212 1127 4276 vt,
1138 4229 1159 4262 s.
1172 4209 1225 4278 936
1234 4232 1246 4272 :¹
1255 4235 1266 4258 ι
1276 4213 1348 4279 Piget
1357 4212 1438 4262 insen·
