3194 5156
408 467 475 560 576
618 468 653 529 P.
678 467 714 529 P.
740 465 895 532 sta'rtt
920 463 1248 530 ACHILLEIDOS

453 601 598 690 Jamque
612 609 750 662 movent
760 615 912 686 gressus,
925 590 1110 686 thiasisque
1123 591 1267 659 Ismenia
1280 591 1393 660 buxus

454 711 553 802 Signa
564 705 672 790 dedit,
685 721 806 802 quater
818 728 886 772 aera
896 701 1014 787 Rheae,
1027 719 1146 800 quater
1158 706 1239 770 Evia
1250 702 1389 797 pulsant

454 827 566 914 Terga
577 821 892 912 mauu‚variosque
904 833 1024 912 qnater
1034 815 1147 909 legere
1157 840 1327 885 recursus.
1415 831 1466 884 155

454 937 555 1000 Tunc
568 930 703 1024 thyrsos
714 931 908 1023 pariterque
920 925 1049 1010 levant,
1062 928 1253 1021 pariterque
1262 943 1451 1019 reponunt,

455 1041 749 1136 Multiplicentque
761 1037 921 1132 gradum,
934 1035 1037 1106 modo
1048 1061 1117 1134 quo
1129 1041 1266 1105 Curetes
1278 1039 1313 1105 in
1324 1055 1423 1120 acm,

455 1158 599 1247 Quoque
610 1153 657 1245 pii
669 1149 902 1221 Samothraces
914 1164 1016 1216 eunt:
1030 1172 1122 1216 nunc
1135 1147 1235 1216 obvia
1245 1171 1351 1216 versas

449 1372 507 1426 153.
521 1372 548 1423 Ι.
563 1391 598 1424 m.
611 1392 638 1445 p.
654 1371 791 1444 thiasisque
800 1369 914 1424 tonna
959 1386 1003 1420 sos
1029 1379 1161 1420 servarent
1181 1369 1288 1432 ennea,
1309 1367 1468 1420 Acamans

408 1451 496 1503 husus.
521 1451 586 1522 lieg-
605 1451 625 1501 B
643 1449 756 1522 prabet,
777 1448 915 1520 thiasisque
959 1445 1117 1518 appellatos.
1131 1449 1214 1498 Fuere
1227 1460 1252 1498 et
1268 1447 1369 1497 Curetes
1379 1463 1470 1496 sacen

410 1530 438 1580 in
454 1529 551 1582 maenia
565 1531 660 1590 husun
677 1531 741 1598 Reg.
758 1527 780 1579 C
796 1539 913 1580 nostram
960 1525 1036 1578 dotes
1050 1525 1143 1592 Rhea,
1153 1524 1327 1598 seuCybeles.
1340 1525 1374 1574 ni
1385 1524 1415 1575 iu
1425 1542 1469 1576 sa-

408 1606 471 1661 leet.
484 1609 530 1660 En.
540 1638 576 1648 -
588 1610 710 1660 Ismenia.
723 1606 866 1674 Thebans,
880 1605 915 1658 ab
960 1606 1013 1659 cris
1024 1607 1142 1678 ejusdcm
1149 1609 1225 1674 Dee,
1237 1607 1329 1659 lurore
1337 1607 1469 1676 compti,

409 1690 513 1741 Ismene
532 1689 639 1740 Boeotite
653 1687 744 1740 fluvio.
763 1715 799 1727 -
817 1687 913 1738 Burrus.
959 1701 1059 1739 certam
1076 1685 1217 1760 quamdam
1235 1685 1384 1740 saltationis
1407 1703 1470 1756 spe-

410 1766 487 1818 'l'ibia
500 1765 596 1819 buxea.
958 1767 1025 1818 ciam
1039 1784 1118 1838 egere
1132 1765 1269 1832 solebant,
1283 1778 1309 1816 et
1323 1763 1472 1836 jactabant

449 1846 508 1914 154.
521 1846 550 1899 S.
564 1845 590 1898 d.
604 1865 629 1919 q.
647 1861 677 1896 a.
690 1846 721 1898 lt.
739 1855 833 1917 quater
846 1843 915 1896 Euia
960 1846 1063 1916 capita,
1081 1845 1202 1915 aliosque
1219 1845 1247 1896 in
1261 1843 1376 1897 similem
1392 1844 1470 1896 hm-

407 1924 524 1997 pulsant.
541 1927 605 1997 lieg.
623 1923 752 1990 Rhebas,
766 1935 861 1998 quater
872 1943 916 1976 est·
959 1945 1014 1978 rem
1025 1926 1207 2000 impellebant.

409 2013 451 2058 tea
461 2005 577 2079 pulsant.
591 2033 628 2046 -·
639 2006 704 2056 AEra
714 2005 800 2058 Rhea.
813 2003 844 2056 ld
858 2017 915 2070 est,
999 2006 1056 2060 158.
1065 2009 1110 2060 Pii
1116 2005 1303 2061 Samothraces.
1313 2002 1474 2058 Samothra-

410 2086 534 2156 qualibus
546 2084 692 2138 utebantur
702 2084 794 2149 Rhea,
806 2101 854 2136 sea
865 2085 915 2156 cy·
959 2105 1005 2141 ees
1014 2087 1108 2159 populi
1118 2085 1304 2140 &normanie
1313 2083 1410 2135 insul·
1417 2102 1473 2134 ma·

409 2164 480 2218 beles
495 2165 646 2218 sacerdotes
661 2167 688 2218 iu
707 2167 765 2236 ejus
776 2165 865 2216 eacus.
879 2191 915 2204 -
959 2167 994 2218 ris
1011 2167 1100 2238 Egel,
1115 2165 1235 2216 Thracia
1249 2163 1419 2234 adjacentis,
1437 2181 1472 2214 eo

409 2277 445 2288 -
455 2249 521 2301 Euia
532 2249 624 2322 Terqa.
636 2250 788 2319 Tympana,
801 2265 913 2318 qnorum
958 2248 986 2300 iu
1002 2261 1102 2314 nacta,
1114 2265 1167 2318 qun
1180 2245 1284 2298 Hebrus
1299 2247 1328 2296 iu
1340 2263 1420 2296 mare
1434 2246 1475 2296 ef·

409 2343 475 2379 ntus
493 2329 519 2378 in
536 2325 631 2378 Bacchi
646 2327 728 2377 sacris
744 2346 751 2376 t
767 2343 828 2376 nam
849 2326 914 2376 llae-
958 2327 1088 2380 funditur.
1103 2328 1164 2378 ttae
1175 2324 1262 2377 insula
1276 2327 1351 2397 prius
1364 2322 1476 2375 Darda-

408 2403 477 2458 chns
490 2404 569 2458 Evina
578 2405 664 2457 dictus
675 2416 724 2454 est.
958 2409 1005 2459 nia
1019 2420 1123 2460 vocata.
1133 2407 1265 2458 Dicuntur
1276 2404 1336 2477 pii,
1348 2405 1417 2474 quia
1431 2423 1476 2455 re-

449 2484 506 2540 155.
525 2486 617 2558 Terqa.
631 2485 786 2556 Tympana,
804 2479 855 2534 ivl
872 2479 915 2534 ‘tti-
959 2507 1017 2541 rum
1036 2487 1184 2540 divinarum
1202 2485 1317 2539 cultores
1336 2487 1475 2537 exstitisse

408 2561 915 2632 Quaesturam-Vanus
958 2567 1118 2640 produntur.
1142 2565 1252 2618 Constat
1276 2583 1308 2616 ex
1330 2563 1476 2618 historicis

408 2661 532 2696 marsus.
547 2641 627 2710 Quod
643 2661 711 2712 sape
724 2659 776 2693 una
789 2643 816 2692 iu
831 2657 913 2692 unum
958 2649 1068 2699 miseros
1076 2645 1291 2718 illueconlugere
1298 2642 1400 2697 solitos
1410 2665 1478 2718 pro-

330 2717 335 2727 ’
409 2719 499 2774 locum
509 2739 541 2774 ex
553 2723 703 2793 composito
718 2721 850 2772 transiret.
957 2741 1017 2798 pter
1030 2726 1184 2798 religionem
1195 2725 1262 2791 loci,
1272 2723 1434 2797 utlegimus
1443 2726 1477 2779 de

449 2801 506 2854 156.
531 2801 638 2853 leuant.
667 2801 697 2850 ln
716 2799 798 2852 altum
820 2798 913 2850 eodem
956 2807 1053 2858 Perseo
1067 2803 1228 2858 Macedonia
1238 2808 1478 2876 rege,qttisicttts

409 2895 539 2953 tempore.
555 2911 592 2924 ·-
609 2883 756 2952 deponunt.
781 2883 913 2932 Deorsum
958 2885 992 2936 ab
1006 2883 1110 2936 AEntilio
1124 2887 1151 2936 in
1169 2883 1387 2937 Samothraciam
1404 2904 1480 2938 con-

409 2963 527 3014 mittunt.
544 2965 573 3014 ln
589 2961 657 3013 saltu
675 2960 779 3033 thyrsos
794 2958 915 3012 subleva·
959 2963 1040 3033 sapit,
1055 2977 1083 3015 ut
1096 2964 1149 3014 lani
1163 2962 1290 3032 religione
1300 2973 1381 3014 tutus
1392 2979 1478 3030 esset,

409 3039 488 3106 bant,
499 3039 646 3092 recidentes
659 3041 790 3092 interram
803 3059 914 3111 repone·
958 3056 984 3096 et
999 3043 1125 3095 discimus
1141 3061 1172 3094 ex
1186 3042 1308 3113 Epistola
1322 3043 1480 3096 Mithrida·

409 3120 484 3173 bant.
960 3125 1002 3188 tis,
1014 3143 1072 3194 qute
1081 3135 1164 3175 exstat
1175 3125 1203 3174 in
1211 3123 1372 3192 fragmentis
1386 3126 1481 3178 Histo-

448 3198 915 3274 157.Multiplicautque.Accelerant
958 3204 1055 3255 riarum
1077 3203 1201 3256 Sallustii.
1226 3204 1341 3253 Antrum
1366 3204 1425 3256 fuit
1453 3207 1479 3256 in

409 3280 520 3352 spissius
539 3298 649 3350 passus,
670 3293 696 3330 et
717 3278 836 3332 crebrius
855 3297 916 3330 mo·
959 3279 1139 3334 Samothracia
1154 3279 1301 3350 Zerynthus
1309 3278 1439 3347 dictum,
1451 3296 1480 3334 ut

410 3359 506 3412 sendo.
520 3387 555 3400 -
565 3361 646 3413 Modo
663 3378 723 3434 quo.
741 3360 836 3414 Scribit
850 3379 913 3432 quo·
959 3362 1039 3414 refert
1047 3360 1173 3413 Nicandri
1185 3359 1350 3412 Scholiastes
1360 3361 1399 3413 ad
1404 3362 1480 3414 The-

410 3439 492 3492 modo
512 3441 584 3492 saria
604 3439 761 3492 chorearum
784 3457 814 3492 ac
834 3440 915 3492 saltt-
958 3444 1046 3508 mana,
1066 3443 1166 3494 Hecate
1185 3459 1300 3494 sacrum.
1315 3441 1360 3492 En
1377 3445 1481 3494 conrn-

410 3519 914 3592 tionttmgeuera‚apudsliasquoque
957 3523 1081 3592 glebam,
1103 3523 1196 3594 quiin
1217 3523 1321 3593 magnis
1343 3523 1482 3592 periculis
1541 3511 1542 3526 ¹

410 3602 532 3653 ustiones
546 3615 691 3671 usurpata,
714 3601 913 3654 exercebantur.
958 3602 1145 3668 versabantur,
1160 3601 1256 3674 quibus
1267 3595 1314 3652 ubi
1326 3603 1442 3656 llecate
1456 3617 1482 3655 et

409 3709 446 3720 -
464 3682 572 3732 Curetes.
593 3679 686 3752 Populi
705 3680 786 3732 Creta
803 3681 913 3748 insula,
958 3679 1155 3752 Corybantibus
1169 3679 1385 3746 sacrificassent,
1401 3701 1435 3734 se
1450 3682 1481 3732 li·
1538 3731 1539 3750 q

409 3760 582 3832 Corybantes.
596 3761 716 3832 Dactyli,
732 3760 806 3827 idai,
824 3775 850 3812 et
866 3763 916 3814 Ca·
959 3757 1080 3810 berctum
1098 3759 1129 3810 iri
1147 3757 1302 3812 eredebant.
1319 3759 1396 3811 Vide
1419 3761 1481 3814 Sui·
1537 3795 1538 3824 p

408 3837 461 3891 biri
481 3841 558 3891 etiam
574 3842 680 3904 vocati,
703 3859 734 3891 et
755 3840 802 3892 lda
824 3855 915 3894 monta
959 3837 1020 3890 datu
1041 3851 1067 3890 et
1085 3838 1259 3891 Scholiastem
1279 3841 1482 3913 Att'stopbau'n⁴
1536 3865 1537 3899 t

409 3917 525 3992 Phrygiae
541 3917 658 3970 oriundi.
675 3917 741 3969 Vide
758 3919 913 3972 Strabonem
959 3920 985 3970 iu
1005 3920 1081 3970 Pace.
1099 3919 1202 3969 Horum
1219 3931 1310 3970 antem
1331 3939 1482 3972 sacrorum
1535 3939 1536 3973 t

408 3994 456 4048 lib.
470 3998 502 4048 X.
518 3997 588 4050 Idem
601 3997 681 4065 tradit
690 3996 738 4050 hos
750 3999 777 4049 iu
787 4001 914 4052 Graeciam
960 4000 1071 4050 ministri
1090 3999 1117 4048 in
1137 3996 1177 4050 his
1198 4000 1369 4052 armisouartt
1385 4020 1483 4074 quam-
1534 4015 1535 4049 t

408 4078 560 4146 trajecisse:
574 4076 680 4129 tandem
692 4076 760 4128 ultra
769 4077 914 4132 Acheloum
958 4077 1020 4129 darn
1032 4076 1200 4130 saltationem
1213 4077 1365 4133 saltabant.
1379 4083 1482 4135 -Oh
1533 4075 1534 4123 l

408 4158 530 4225 posuisse
538 4156 817 4230 sedes,ibique‚quutn
827 4161 914 4212 inton-
958 4160 1009 4212 aia.
1021 4159 1121 4228 Obric,
1133 4157 1301 4214 adverbium.
