<?xml version="1.0" encoding="UTF-8"?>
<!DOCTYPE html PUBLIC "-//W3C//DTD XHTML 1.0 Transitional//EN"
    "http://www.w3.org/TR/xhtml1/DTD/xhtml1-transitional.dtd">
<html xmlns="http://www.w3.org/1999/xhtml" xml:lang="en" lang="en">
 <head>
  <title>
</title>
<meta http-equiv="Content-Type" content="text/html;charset=utf-8" />
  <meta name='ocr-system' content='tesseract 3.04.00' />
  <meta name='ocr-capabilities' content='ocr_page ocr_carea ocr_par ocr_line ocrx_word'/>
</head>
<body>
  <div class='ocr_page' id='page_1' title='image "./libriquinquesil00statgoog_0287.png"; bbox 0 0 3272 5166; ppageno 0'>
   <div class='ocr_carea' id='block_1_1' title="bbox 406 539 1218 628">
    <p class='ocr_par' dir='ltr' id='par_1_1' title="bbox 406 539 1218 628">
     <span class='ocr_line' id='line_1_1' title="bbox 406 539 1218 628; baseline 0.006 -26"><span class='ocrx_word' id='word_1_1' title='bbox 406 539 470 628; x_wconf 60' lang='grc' dir='ltr'><strong>ηε</strong></span> <span class='ocrx_word' id='word_1_2' title='bbox 642 542 676 602; x_wconf 80' lang='lat' dir='ltr'><strong>r.</strong></span> <span class='ocrx_word' id='word_1_3' title='bbox 704 542 739 602; x_wconf 82' lang='lat' dir='ltr'><strong>r.</strong></span> <span class='ocrx_word' id='word_1_4' title='bbox 765 540 919 604; x_wconf 81' lang='lat' dir='ltr'><strong>STsTn</strong></span> <span class='ocrx_word' id='word_1_5' title='bbox 943 539 1218 607; x_wconf 75' lang='lat' dir='ltr'><strong>annotinos</strong></span> 
     </span>
    </p>
   </div>
   <div class='ocr_carea' id='block_1_2' title="bbox 448 663 1474 1877">
    <p class='ocr_par' dir='ltr' id='par_1_2' title="bbox 448 663 1474 1877">
     <span class='ocr_line' id='line_1_2' title="bbox 450 663 1320 759; baseline 0.001 -25"><span class='ocrx_word' id='word_1_6' title='bbox 450 664 546 734; x_wconf 89' lang='lat' dir='ltr'><strong>Solus</strong></span> <span class='ocrx_word' id='word_1_7' title='bbox 560 687 613 746; x_wconf 91' lang='lat' dir='ltr'><strong>eo,</strong></span> <span class='ocrx_word' id='word_1_8' title='bbox 627 663 719 732; x_wconf 89' lang='lat' dir='ltr'><strong>solus</strong></span> <span class='ocrx_word' id='word_1_9' title='bbox 732 691 739 730; x_wconf 75' lang='grc' dir='ltr'>ι</span> <span class='ocrx_word' id='word_1_10' title='bbox 753 667 844 732; x_wconf 85' lang='lat' dir='ltr'><strong>venit</strong></span> <span class='ocrx_word' id='word_1_11' title='bbox 854 663 925 746; x_wconf 83' lang='lat' dir='ltr'><strong>ille,</strong></span> <span class='ocrx_word' id='word_1_12' title='bbox 939 683 972 732; x_wconf 88' lang='lat' dir='ltr'><strong>et</strong></span> <span class='ocrx_word' id='word_1_13' title='bbox 984 682 1121 759; x_wconf 78' lang='lat' dir='ltr'><strong>quassat</strong></span> <span class='ocrx_word' id='word_1_14' title='bbox 1132 665 1291 734; x_wconf 83' lang='lat' dir='ltr'><strong>habenas.</strong></span> <span class='ocrx_word' id='word_1_15' title='bbox 1306 697 1320 725; x_wconf 75' lang='grc' dir='ltr'><em>ν</em></span> 
     </span>
     <span class='ocr_line' id='line_1_3' title="bbox 496 773 1342 870; baseline 0.005 -30"><span class='ocrx_word' id='word_1_16' title='bbox 496 773 591 841; x_wconf 87' lang='lat' dir='ltr'><strong>Talia</strong></span> <span class='ocrx_word' id='word_1_17' title='bbox 603 775 806 859; x_wconf 86' lang='lat' dir='ltr'><strong>vociferans,</strong></span> <span class='ocrx_word' id='word_1_18' title='bbox 819 791 952 844; x_wconf 78' lang='lat' dir='ltr'><strong>noctem</strong></span> <span class='ocrx_word' id='word_1_19' title='bbox 963 775 1178 858; x_wconf 78' lang='lat' dir='ltr'><strong>exturbabat,</strong></span> <span class='ocrx_word' id='word_1_20' title='bbox 1191 793 1342 870; x_wconf 84' lang='lat' dir='ltr'><strong>euntque</strong></span> 
     </span>
     <span class='ocr_line' id='line_1_4' title="bbox 451 885 1451 983; baseline -0.002 -30"><span class='ocrx_word' id='word_1_21' title='bbox 451 885 1373 983; x_wconf 75' lang='lat' dir='ltr'><strong>Nonsecusaocansiproceres,quamsiomnibusidem</strong></span> <span class='ocrx_word' id='word_1_22' title='bbox 1399 918 1451 952; x_wconf 75' lang='lat'><strong>220</strong></span> 
     </span>
     <span class='ocr_line' id='line_1_5' title="bbox 449 998 1318 1094; baseline 0 -26"><span class='ocrx_word' id='word_1_23' title='bbox 449 999 558 1070; x_wconf 83' lang='lat' dir='ltr'><strong>Corde</strong></span> <span class='ocrx_word' id='word_1_24' title='bbox 570 1005 659 1068; x_wconf 86' lang='lat' dir='ltr'><strong>Deus</strong></span> <span class='ocrx_word' id='word_1_25' title='bbox 671 1028 678 1067; x_wconf 80' lang='lat' dir='ltr'><strong>t</strong></span> <span class='ocrx_word' id='word_1_26' title='bbox 691 998 837 1092; x_wconf 75' lang='lat' dir='ltr'><strong>flagrant</strong></span> <span class='ocrx_word' id='word_1_27' title='bbox 848 1003 1001 1068; x_wconf 89' lang='lat' dir='ltr'><strong>comitari</strong></span> <span class='ocrx_word' id='word_1_28' title='bbox 1014 999 1198 1094; x_wconf 73' lang='lat' dir='ltr'><strong>etjuugare</strong></span> <span class='ocrx_word' id='word_1_29' title='bbox 1209 1023 1318 1070; x_wconf 81' lang='lat' dir='ltr'><strong>casus.</strong></span> 
     </span>
     <span class='ocr_line' id='line_1_6' title="bbox 449 1108 1282 1203; baseline 0.002 -27"><span class='ocrx_word' id='word_1_30' title='bbox 449 1115 517 1176; x_wconf 86' lang='lat' dir='ltr'><strong>Ter</strong></span> <span class='ocrx_word' id='word_1_31' title='bbox 527 1109 633 1178; x_wconf 87' lang='lat' dir='ltr'><strong>denos</strong></span> <span class='ocrx_word' id='word_1_32' title='bbox 644 1134 803 1192; x_wconf 88' lang='lat' dir='ltr'><strong>numero,</strong></span> <span class='ocrx_word' id='word_1_33' title='bbox 816 1128 1005 1178; x_wconf 81' lang='lat' dir='ltr'><strong>tmanarnm</strong></span> <span class='ocrx_word' id='word_1_34' title='bbox 1017 1111 1156 1193; x_wconf 88' lang='lat' dir='ltr'><strong>robora,</strong></span> <span class='ocrx_word' id='word_1_35' title='bbox 1166 1108 1282 1203; x_wconf 88' lang='lat' dir='ltr'><strong>jussus</strong></span> 
     </span>
     <span class='ocr_line' id='line_1_7' title="bbox 451 1219 1217 1315; baseline 0.008 -31"><span class='ocrx_word' id='word_1_36' title='bbox 451 1225 527 1312; x_wconf 88' lang='lat' dir='ltr'><strong>lpse</strong></span> <span class='ocrx_word' id='word_1_37' title='bbox 539 1219 618 1312; x_wconf 75' lang='lat' dir='ltr'><strong>legit</strong></span> <span class='ocrx_word' id='word_1_38' title='bbox 629 1247 636 1288; x_wconf 92' lang='lat'>:</span> <span class='ocrx_word' id='word_1_39' title='bbox 649 1224 737 1290; x_wconf 90' lang='lat' dir='ltr'><strong>circa</strong></span> <span class='ocrx_word' id='word_1_40' title='bbox 750 1223 863 1290; x_wconf 89' lang='lat' dir='ltr'><strong>fremit</strong></span> <span class='ocrx_word' id='word_1_41' title='bbox 875 1219 1217 1315; x_wconf 79' lang='lat' dir='ltr'><strong>indignatajuveutus</strong></span> 
     </span>
     <span class='ocr_line' id='line_1_8' title="bbox 448 1337 1325 1429; baseline -0.001 -30"><span class='ocrx_word' id='word_1_42' title='bbox 448 1337 591 1412; x_wconf 80' lang='lat' dir='ltr'><strong>Caetera,</strong></span> <span class='ocrx_word' id='word_1_43' title='bbox 603 1356 665 1400; x_wconf 84' lang='lat' dir='ltr'><strong>cur</strong></span> <span class='ocrx_word' id='word_1_44' title='bbox 676 1351 834 1402; x_wconf 88' lang='lat' dir='ltr'><strong>maneant</strong></span> <span class='ocrx_word' id='word_1_45' title='bbox 846 1337 977 1414; x_wconf 85' lang='lat' dir='ltr'><strong>castris,</strong></span> <span class='ocrx_word' id='word_1_46' title='bbox 991 1337 1178 1429; x_wconf 78' lang='lat' dir='ltr'><strong>ignavaque</strong></span> <span class='ocrx_word' id='word_1_47' title='bbox 1190 1348 1325 1404; x_wconf 86' lang='lat' dir='ltr'><strong>servent</strong></span> 
     </span>
     <span class='ocr_line' id='line_1_9' title="bbox 449 1441 1450 1536; baseline -0.001 -25"><span class='ocrx_word' id='word_1_48' title='bbox 449 1445 541 1511; x_wconf 86' lang='lat' dir='ltr'><strong>Otia:</strong></span> <span class='ocrx_word' id='word_1_49' title='bbox 555 1465 634 1534; x_wconf 90' lang='lat' dir='ltr'><strong>pars</strong></span> <span class='ocrx_word' id='word_1_50' title='bbox 647 1441 791 1512; x_wconf 87' lang='lat' dir='ltr'><strong>sublime</strong></span> <span class='ocrx_word' id='word_1_51' title='bbox 803 1465 926 1534; x_wconf 74' lang='lat' dir='ltr'><strong>genus,</strong></span> <span class='ocrx_word' id='word_1_52' title='bbox 939 1466 1016 1536; x_wconf 86' lang='lat' dir='ltr'><strong>pars</strong></span> <span class='ocrx_word' id='word_1_53' title='bbox 1029 1444 1116 1512; x_wconf 85' lang='lat' dir='ltr'><strong>facta</strong></span> <span class='ocrx_word' id='word_1_54' title='bbox 1128 1467 1288 1522; x_wconf 89' lang='lat' dir='ltr'><strong>suorum,</strong></span> <span class='ocrx_word' id='word_1_55' title='bbox 1400 1451 1450 1504; x_wconf 75' lang='lat'><strong>225</strong></span> 
     </span>
     <span class='ocr_line' id='line_1_10' title="bbox 451 1557 1474 1651; baseline -0.001 -32"><span class='ocrx_word' id='word_1_56' title='bbox 451 1560 530 1624; x_wconf 90' lang='lat' dir='ltr'><strong>Pars</strong></span> <span class='ocrx_word' id='word_1_57' title='bbox 543 1581 604 1626; x_wconf 88' lang='lat' dir='ltr'><strong>sua</strong></span> <span class='ocrx_word' id='word_1_58' title='bbox 617 1585 624 1624; x_wconf 93' lang='lat'><strong>:</strong></span> <span class='ocrx_word' id='word_1_59' title='bbox 638 1575 764 1628; x_wconf 88' lang='lat' dir='ltr'><strong>sortem</strong></span> <span class='ocrx_word' id='word_1_60' title='bbox 775 1557 832 1628; x_wconf 86' lang='lat' dir='ltr'><strong>alii</strong></span> <span class='ocrx_word' id='word_1_61' title='bbox 843 1558 1005 1640; x_wconf 86' lang='lat' dir='ltr'><strong>clamant,</strong></span> <span class='ocrx_word' id='word_1_62' title='bbox 1018 1577 1144 1628; x_wconf 85' lang='lat' dir='ltr'>sortem</span> <span class='ocrx_word' id='word_1_63' title='bbox 1157 1557 1307 1651; x_wconf 89' lang='lat' dir='ltr'><strong>undique</strong></span> <span class='ocrx_word' id='word_1_64' title='bbox 1319 1569 1474 1647; x_wconf 88' lang='lat' dir='ltr'><strong>poscunt.</strong></span> 
     </span>
     <span class='ocr_line' id='line_1_11' title="bbox 496 1667 1372 1764; baseline -0.006 -29"><span class='ocrx_word' id='word_1_65' title='bbox 496 1668 629 1736; x_wconf 83' lang='lat' dir='ltr'><strong>Gaudet</strong></span> <span class='ocrx_word' id='word_1_66' title='bbox 639 1672 675 1736; x_wconf 91' lang='lat' dir='ltr'><strong>in</strong></span> <span class='ocrx_word' id='word_1_67' title='bbox 686 1669 836 1738; x_wconf 88' lang='lat' dir='ltr'><strong>adversis</strong></span> <span class='ocrx_word' id='word_1_68' title='bbox 848 1671 1030 1764; x_wconf 84' lang='lat' dir='ltr'><strong>animoque</strong></span> <span class='ocrx_word' id='word_1_69' title='bbox 1041 1671 1188 1761; x_wconf 77' lang='lat' dir='ltr'><strong>assurgit</strong></span> <span class='ocrx_word' id='word_1_70' title='bbox 1200 1667 1372 1736; x_wconf 80' lang='lat' dir='ltr'><strong>Adrastus.</strong></span> 
     </span>
     <span class='ocr_line' id='line_1_12' title="bbox 450 1779 1339 1877; baseline 0.003 -34"><span class='ocrx_word' id='word_1_71' title='bbox 450 1783 582 1848; x_wconf 68' lang='lat' dir='ltr'><strong>vertice</strong></span> <span class='ocrx_word' id='word_1_72' title='bbox 594 1785 642 1848; x_wconf 86' lang='lat' dir='ltr'><strong>sic</strong></span> <span class='ocrx_word' id='word_1_73' title='bbox 655 1779 795 1850; x_wconf 88' lang='lat' dir='ltr'><strong>Pholoes</strong></span> <span class='ocrx_word' id='word_1_74' title='bbox 807 1781 984 1850; x_wconf 88' lang='lat' dir='ltr'><strong>volucrum</strong></span> <span class='ocrx_word' id='word_1_75' title='bbox 996 1786 1142 1850; x_wconf 85' lang='lat' dir='ltr'><strong>nutritor</strong></span> <span class='ocrx_word' id='word_1_76' title='bbox 1153 1803 1339 1877; x_wconf 87' lang='lat' dir='ltr'><strong>equorum,</strong></span> 
     </span>
    </p>
   </div>
   <div class='ocr_carea' id='block_1_3' title="bbox 403 2017 1454 4312">
    <p class='ocr_par' dir='ltr' id='par_1_3' title="bbox 403 2017 1452 2246">
     <span class='ocr_line' id='line_1_13' title="bbox 403 2017 1449 2094; baseline 0 -26"><span class='ocrx_word' id='word_1_77' title='bbox 403 2019 469 2080; x_wconf 59' lang='grc' dir='ltr'><strong>πίνη</strong></span> <span class='ocrx_word' id='word_1_78' title='bbox 484 2023 580 2072; x_wconf 87' lang='lat' dir='ltr'><strong>etenim</strong></span> <span class='ocrx_word' id='word_1_79' title='bbox 593 2021 657 2074; x_wconf 85' lang='lat' dir='ltr'><strong>dum</strong></span> <span class='ocrx_word' id='word_1_80' title='bbox 671 2023 798 2094; x_wconf 85' lang='lat' dir='ltr'><strong>loquitur,</strong></span> <span class='ocrx_word' id='word_1_81' title='bbox 809 2025 905 2075; x_wconf 87' lang='lat' dir='ltr'><strong>iterum</strong></span> <span class='ocrx_word' id='word_1_82' title='bbox 953 2027 1008 2076; x_wconf 79' lang='lat' dir='ltr'><strong>·Oa</strong></span> <span class='ocrx_word' id='word_1_83' title='bbox 1016 2021 1146 2088; x_wconf 86' lang='lat' dir='ltr'><strong>rabidum,</strong></span> <span class='ocrx_word' id='word_1_84' title='bbox 1154 2022 1209 2073; x_wconf 80' lang='lat' dir='ltr'><strong>leta</strong></span> <span class='ocrx_word' id='word_1_85' title='bbox 1216 2019 1299 2072; x_wconf 83' lang='lat' dir='ltr'><strong>corda</strong></span> <span class='ocrx_word' id='word_1_86' title='bbox 1307 2017 1428 2070; x_wconf 85' lang='lat' dir='ltr'><strong>domans.</strong></span> <span class='ocrx_word' id='word_1_87' title='bbox 1437 2041 1449 2062; x_wconf 81' lang='grc' dir='ltr'>ι</span> 
     </span>
     <span class='ocr_line' id='line_1_14' title="bbox 403 2093 1452 2172; baseline 0 -26"><span class='ocrx_word' id='word_1_88' title='bbox 403 2115 558 2166; x_wconf 84' lang='lat' dir='ltr'><strong>prosperum</strong></span> <span class='ocrx_word' id='word_1_89' title='bbox 567 2101 904 2172; x_wconf 73' lang='lat' dir='ltr'><strong>augurium.Virg.AEneid.</strong></span> <span class='ocrx_word' id='word_1_90' title='bbox 950 2103 1046 2154; x_wconf 78' lang='lat' dir='ltr'><strong>Bturn.</strong></span> <span class='ocrx_word' id='word_1_91' title='bbox 1056 2131 1092 2144; x_wconf 90' lang='lat'><strong>·-</strong></span> <span class='ocrx_word' id='word_1_92' title='bbox 1106 2103 1190 2154; x_wconf 74' lang='lat' dir='ltr'><strong>Coun.</strong></span> <span class='ocrx_word' id='word_1_93' title='bbox 1205 2098 1338 2164; x_wconf 82' lang='lat' dir='ltr'><strong>Pericula,</strong></span> <span class='ocrx_word' id='word_1_94' title='bbox 1353 2111 1378 2150; x_wconf 87' lang='lat' dir='ltr'><strong>et</strong></span> <span class='ocrx_word' id='word_1_95' title='bbox 1389 2093 1452 2148; x_wconf 87' lang='lat' dir='ltr'><strong>belli</strong></span> 
     </span>
     <span class='ocr_line' id='line_1_15' title="bbox 404 2175 1043 2246; baseline 0.005 -18"><span class='ocrx_word' id='word_1_96' title='bbox 404 2175 447 2242; x_wconf 84' lang='lat' dir='ltr'><strong>lV,</strong></span> <span class='ocrx_word' id='word_1_97' title='bbox 461 2177 529 2246; x_wconf 71' lang='lat'><strong>5762</strong></span> <span class='ocrx_word' id='word_1_98' title='bbox 546 2180 635 2232; x_wconf 80' lang='lat' dir='ltr'><strong>·1·:cce</strong></span> <span class='ocrx_word' id='word_1_99' title='bbox 647 2181 742 2232; x_wconf 87' lang='lat' dir='ltr'><strong>iterum</strong></span> <span class='ocrx_word' id='word_1_100' title='bbox 755 2181 879 2232; x_wconf 84' lang='lat' dir='ltr'><strong>stimulat.</strong></span> <span class='ocrx_word' id='word_1_101' title='bbox 891 2205 902 2228; x_wconf 71' lang='lat' dir='ltr'><strong>a</strong></span> <span class='ocrx_word' id='word_1_102' title='bbox 951 2179 1043 2231; x_wconf 86' lang='lat' dir='ltr'><strong>aleam.</strong></span> 
     </span>
    </p>

    <p class='ocr_par' dir='ltr' id='par_1_4' title="bbox 403 2257 1453 3519">
     <span class='ocr_line' id='line_1_16' title="bbox 441 2257 1451 2326; baseline -0.001 -19"><span class='ocrx_word' id='word_1_103' title='bbox 441 2257 500 2309; x_wconf 72' lang='lat'><strong>218.</strong></span> <span class='ocrx_word' id='word_1_104' title='bbox 520 2257 597 2310; x_wconf 84' lang='lat' dir='ltr'><strong>Solos</strong></span> <span class='ocrx_word' id='word_1_105' title='bbox 609 2277 653 2325; x_wconf 93' lang='lat' dir='ltr'><strong>eo,</strong></span> <span class='ocrx_word' id='word_1_106' title='bbox 665 2260 749 2313; x_wconf 74' lang='lat' dir='ltr'><strong>solus.-</strong></span> <span class='ocrx_word' id='word_1_107' title='bbox 762 2263 832 2314; x_wconf 84' lang='lat' dir='ltr'><strong>venit</strong></span> <span class='ocrx_word' id='word_1_108' title='bbox 844 2260 904 2322; x_wconf 80' lang='lat' dir='ltr'><strong>ille,</strong></span> <span class='ocrx_word' id='word_1_109' title='bbox 986 2259 1047 2326; x_wconf 68' lang='lat' dir='ltr'><strong>aad.</strong></span> <span class='ocrx_word' id='word_1_110' title='bbox 1069 2261 1181 2324; x_wconf 78' lang='lat' dir='ltr'><strong>Caetera,</strong></span> <span class='ocrx_word' id='word_1_111' title='bbox 1202 2275 1251 2309; x_wconf 85' lang='lat' dir='ltr'><strong>car</strong></span> <span class='ocrx_word' id='word_1_112' title='bbox 1267 2267 1391 2308; x_wconf 82' lang='lat' dir='ltr'><strong>maneant</strong></span> <span class='ocrx_word' id='word_1_113' title='bbox 1407 2273 1451 2306; x_wconf 86' lang='lat' dir='ltr'><strong>ca-</strong></span> 
     </span>
     <span class='ocr_line' id='line_1_17' title="bbox 403 2333 1452 2411; baseline 0 -27"><span class='ocrx_word' id='word_1_114' title='bbox 403 2345 428 2384; x_wconf 89' lang='lat' dir='ltr'><strong>et</strong></span> <span class='ocrx_word' id='word_1_115' title='bbox 441 2347 545 2406; x_wconf 82' lang='lat' dir='ltr'><strong>quassat</strong></span> <span class='ocrx_word' id='word_1_116' title='bbox 557 2337 674 2390; x_wconf 80' lang='lat' dir='ltr'><strong>habenas.</strong></span> <span class='ocrx_word' id='word_1_117' title='bbox 688 2338 763 2392; x_wconf 87' lang='lat' dir='ltr'><strong>Solus</strong></span> <span class='ocrx_word' id='word_1_118' title='bbox 773 2359 817 2404; x_wconf 89' lang='lat' dir='ltr'><strong>ea,</strong></span> <span class='ocrx_word' id='word_1_119' title='bbox 830 2351 907 2411; x_wconf 80' lang='lat' dir='ltr'><strong>atque</strong></span> <span class='ocrx_word' id='word_1_120' title='bbox 950 2339 1018 2401; x_wconf 82' lang='lat' dir='ltr'><strong>stris,</strong></span> <span class='ocrx_word' id='word_1_121' title='bbox 1031 2351 1081 2388; x_wconf 85' lang='lat' dir='ltr'><strong>eto.</strong></span> <span class='ocrx_word' id='word_1_122' title='bbox 1095 2339 1169 2388; x_wconf 83' lang='lat' dir='ltr'><strong>Unus</strong></span> <span class='ocrx_word' id='word_1_123' title='bbox 1182 2333 1274 2388; x_wconf 74' lang='lat' dir='ltr'><strong>beliot.</strong></span> <span class='ocrx_word' id='word_1_124' title='bbox 1289 2353 1337 2388; x_wconf 84' lang='lat' dir='ltr'><strong>cur</strong></span> <span class='ocrx_word' id='word_1_125' title='bbox 1347 2342 1452 2386; x_wconf 82' lang='lat' dir='ltr'><strong>maneat</strong></span> 
     </span>
     <span class='ocr_line' id='line_1_18' title="bbox 403 2415 1043 2488; baseline 0.002 -21"><span class='ocrx_word' id='word_1_126' title='bbox 403 2415 798 2488; x_wconf 74' lang='lat' dir='ltr'><strong>adeaoenitbanq.Laur.Busl.</strong></span> <span class='ocrx_word' id='word_1_127' title='bbox 809 2433 835 2472; x_wconf 87' lang='lat' dir='ltr'><strong>et</strong></span> <span class='ocrx_word' id='word_1_128' title='bbox 844 2420 903 2472; x_wconf 89' lang='lat' dir='ltr'><strong>edd.</strong></span> <span class='ocrx_word' id='word_1_129' title='bbox 950 2415 1043 2468; x_wconf 64' lang='lat' dir='ltr'><strong>aarum.</strong></span> 
     </span>
     <span class='ocr_line' id='line_1_19' title="bbox 403 2491 1447 2568; baseline -0.003 -23"><span class='ocrx_word' id='word_1_130' title='bbox 403 2507 467 2546; x_wconf 79' lang='lat' dir='ltr'><strong>vett.</strong></span> <span class='ocrx_word' id='word_1_131' title='bbox 476 2524 512 2536; x_wconf 94' lang='lat'>—</span> <span class='ocrx_word' id='word_1_132' title='bbox 522 2498 632 2568; x_wconf 62' lang='lat' dir='ltr'><strong>trappa</strong></span> <span class='ocrx_word' id='word_1_133' title='bbox 643 2511 669 2552; x_wconf 86' lang='lat' dir='ltr'><strong>at</strong></span> <span class='ocrx_word' id='word_1_134' title='bbox 680 2499 701 2550; x_wconf 88' lang='lat' dir='ltr'>C</span> <span class='ocrx_word' id='word_1_135' title='bbox 714 2499 783 2552; x_wconf 85' lang='lat' dir='ltr'><strong>hanc</strong></span> <span class='ocrx_word' id='word_1_136' title='bbox 798 2499 904 2552; x_wconf 83' lang='lat' dir='ltr'><strong>lection.</strong></span> <span class='ocrx_word' id='word_1_137' title='bbox 986 2493 1047 2547; x_wconf 79' lang='lat' dir='ltr'><strong>aab.</strong></span> <span class='ocrx_word' id='word_1_138' title='bbox 1063 2495 1163 2548; x_wconf 78' lang='lat' dir='ltr'><strong>Sortem</strong></span> <span class='ocrx_word' id='word_1_139' title='bbox 1173 2493 1222 2546; x_wconf 85' lang='lat' dir='ltr'><strong>alii</strong></span> <span class='ocrx_word' id='word_1_140' title='bbox 1232 2493 1356 2548; x_wconf 75' lang='lat' dir='ltr'><strong>clamant.</strong></span> <span class='ocrx_word' id='word_1_141' title='bbox 1367 2491 1447 2546; x_wconf 83' lang='lat' dir='ltr'><strong>Pluri-</strong></span> 
     </span>
     <span class='ocr_line' id='line_1_20' title="bbox 405 2567 1450 2650; baseline 0 -26"><span class='ocrx_word' id='word_1_142' title='bbox 405 2567 904 2650; x_wconf 67' lang='lat' dir='ltr'><strong>bnbant.Eu.-Solme0.·arquead20.</strong></span> <span class='ocrx_word' id='word_1_143' title='bbox 951 2571 1450 2640; x_wconf 69' lang='lat' dir='ltr'><strong>mussorosusmiubetto,umaxina</strong></span> 
     </span>
     <span class='ocr_line' id='line_1_21' title="bbox 404 2652 1450 2728; baseline -0.002 -24"><span class='ocrx_word' id='word_1_144' title='bbox 404 2655 906 2728; x_wconf 81' lang='lat' dir='ltr'><strong>inoptimispluribdsqoevideo:Salus</strong></span> <span class='ocrx_word' id='word_1_145' title='bbox 951 2653 985 2706; x_wconf 84' lang='lat' dir='ltr'><strong>ad</strong></span> <span class='ocrx_word' id='word_1_146' title='bbox 1004 2652 1154 2707; x_wconf 79' lang='lat' dir='ltr'><strong>evitandam</strong></span> <span class='ocrx_word' id='word_1_147' title='bbox 1174 2653 1289 2718; x_wconf 81' lang='lat' dir='ltr'><strong>dacum,</strong></span> <span class='ocrx_word' id='word_1_148' title='bbox 1308 2653 1450 2705; x_wconf 74' lang='lat' dir='ltr'><strong>autetiam</strong></span> 
     </span>
     <span class='ocr_line' id='line_1_22' title="bbox 405 2731 1450 2808; baseline 0.001 -26"><span class='ocrx_word' id='word_1_149' title='bbox 405 2751 449 2794; x_wconf 84' lang='lat' dir='ltr'><strong>eo,</strong></span> <span class='ocrx_word' id='word_1_150' title='bbox 465 2731 548 2798; x_wconf 84' lang='lat' dir='ltr'><strong>solus,</strong></span> <span class='ocrx_word' id='word_1_151' title='bbox 564 2735 633 2788; x_wconf 84' lang='lat' dir='ltr'><strong>venit</strong></span> <span class='ocrx_word' id='word_1_152' title='bbox 647 2735 702 2788; x_wconf 83' lang='lat' dir='ltr'><strong>ille.</strong></span> <span class='ocrx_word' id='word_1_153' title='bbox 720 2739 813 2808; x_wconf 77' lang='lat' dir='ltr'><strong>Neque</strong></span> <span class='ocrx_word' id='word_1_154' title='bbox 831 2737 906 2789; x_wconf 84' lang='lat' dir='ltr'><strong>aliter</strong></span> <span class='ocrx_word' id='word_1_155' title='bbox 950 2733 1063 2790; x_wconf 84' lang='lat' dir='ltr'><strong>militant</strong></span> <span class='ocrx_word' id='word_1_156' title='bbox 1081 2731 1292 2798; x_wconf 77' lang='lat' dir='ltr'><strong>aemulationem,</strong></span> <span class='ocrx_word' id='word_1_157' title='bbox 1309 2751 1368 2804; x_wconf 83' lang='lat' dir='ltr'><strong>qam</strong></span> <span class='ocrx_word' id='word_1_158' title='bbox 1380 2749 1450 2802; x_wconf 78' lang='lat' dir='ltr'><strong>saepe</strong></span> 
     </span>
     <span class='ocr_line' id='line_1_23' title="bbox 406 2811 1122 2886; baseline 0.001 -23"><span class='ocrx_word' id='word_1_159' title='bbox 406 2811 584 2866; x_wconf 76' lang='lat' dir='ltr'><strong>scribendum.</strong></span> <span class='ocrx_word' id='word_1_160' title='bbox 604 2816 646 2868; x_wconf 81' lang='lat' dir='ltr'><strong>sic</strong></span> <span class='ocrx_word' id='word_1_161' title='bbox 660 2833 740 2886; x_wconf 85' lang='lat' dir='ltr'><strong>supra</strong></span> <span class='ocrx_word' id='word_1_162' title='bbox 753 2815 838 2868; x_wconf 83' lang='lat' dir='ltr'><strong>Theb.</strong></span> <span class='ocrx_word' id='word_1_163' title='bbox 853 2817 905 2878; x_wconf 84' lang='lat' dir='ltr'><strong>tx,</strong></span> <span class='ocrx_word' id='word_1_164' title='bbox 951 2815 1122 2868; x_wconf 70' lang='lat' dir='ltr'><strong>exitiosam.</strong></span> 
     </span>
     <span class='ocr_line' id='line_1_24' title="bbox 406 2891 1451 2963; baseline -0.005 -18"><span class='ocrx_word' id='word_1_165' title='bbox 406 2891 473 2957; x_wconf 72' lang='lat'><strong>342:</strong></span> <span class='ocrx_word' id='word_1_166' title='bbox 491 2893 620 2946; x_wconf 76' lang='lat' dir='ltr'><strong>ustorum</strong></span> <span class='ocrx_word' id='word_1_167' title='bbox 634 2913 754 2960; x_wconf 85' lang='lat' dir='ltr'><strong>amnem,</strong></span> <span class='ocrx_word' id='word_1_168' title='bbox 768 2913 903 2948; x_wconf 77' lang='lat' dir='ltr'><strong>tuorum·</strong></span> <span class='ocrx_word' id='word_1_169' title='bbox 988 2911 1047 2963; x_wconf 81' lang='lat'>²²7·</span> <span class='ocrx_word' id='word_1_170' title='bbox 1069 2891 1171 2946; x_wconf 87' lang='lat' dir='ltr'><strong>Gaudet</strong></span> <span class='ocrx_word' id='word_1_171' title='bbox 1184 2891 1211 2944; x_wconf 85' lang='lat' dir='ltr'><strong>in</strong></span> <span class='ocrx_word' id='word_1_172' title='bbox 1225 2891 1341 2946; x_wconf 80' lang='lat' dir='ltr'><strong>aduersis.</strong></span> <span class='ocrx_word' id='word_1_173' title='bbox 1354 2891 1451 2942; x_wconf 82' lang='lat' dir='ltr'><strong>Haote·</strong></span> 
     </span>
     <span class='ocr_line' id='line_1_25' title="bbox 404 2969 1452 3048; baseline 0.001 -28"><span class='ocrx_word' id='word_1_174' title='bbox 404 2969 523 3022; x_wconf 79' lang='lat' dir='ltr'><strong>Alterum</strong></span> <span class='ocrx_word' id='word_1_175' title='bbox 537 2972 733 3040; x_wconf 84' lang='lat' dir='ltr'><strong>condiderunt,</strong></span> <span class='ocrx_word' id='word_1_176' title='bbox 747 2973 843 3048; x_wconf 85' lang='lat' dir='ltr'><strong>quibus</strong></span> <span class='ocrx_word' id='word_1_177' title='bbox 858 2974 906 3026; x_wconf 85' lang='lat' dir='ltr'><strong>ab·</strong></span> <span class='ocrx_word' id='word_1_178' title='bbox 952 2991 1002 3024; x_wconf 86' lang='lat' dir='ltr'><strong>nus</strong></span> <span class='ocrx_word' id='word_1_179' title='bbox 1014 2989 1083 3044; x_wconf 81' lang='lat' dir='ltr'><strong>pent</strong></span> <span class='ocrx_word' id='word_1_180' title='bbox 1095 2973 1211 3025; x_wconf 83' lang='lat' dir='ltr'><strong>animum</strong></span> <span class='ocrx_word' id='word_1_181' title='bbox 1220 2969 1402 3042; x_wconf 81' lang='lat' dir='ltr'><strong>despondent,</strong></span> <span class='ocrx_word' id='word_1_182' title='bbox 1411 2985 1452 3021; x_wconf 81' lang='lat' dir='ltr'><strong>re·</strong></span> 
     </span>
     <span class='ocr_line' id='line_1_26' title="bbox 405 3049 1449 3122; baseline -0.002 -22"><span class='ocrx_word' id='word_1_183' title='bbox 405 3061 513 3120; x_wconf 83' lang='lat' dir='ltr'><strong>ruptum</strong></span> <span class='ocrx_word' id='word_1_184' title='bbox 525 3049 677 3104; x_wconf 79' lang='lat' dir='ltr'><strong>videbatur:</strong></span> <span class='ocrx_word' id='word_1_185' title='bbox 694 3054 766 3106; x_wconf 86' lang='lat' dir='ltr'><strong>venit</strong></span> <span class='ocrx_word' id='word_1_186' title='bbox 781 3050 843 3104; x_wconf 81' lang='lat' dir='ltr'><strong>ille.-</strong></span> <span class='ocrx_word' id='word_1_187' title='bbox 857 3054 907 3104; x_wconf 83' lang='lat' dir='ltr'><strong>ita-</strong></span> <span class='ocrx_word' id='word_1_188' title='bbox 952 3065 1066 3106; x_wconf 80' lang='lat' dir='ltr'><strong>creatur.</strong></span> <span class='ocrx_word' id='word_1_189' title='bbox 1081 3052 1116 3104; x_wconf 91' lang='lat' dir='ltr'><strong>Ut</strong></span> <span class='ocrx_word' id='word_1_190' title='bbox 1129 3052 1201 3122; x_wconf 72' lang='lat' dir='ltr'><strong>virg.</strong></span> <span class='ocrx_word' id='word_1_191' title='bbox 1214 3053 1272 3104; x_wconf 85' lang='lat' dir='ltr'><strong>AEn.</strong></span> <span class='ocrx_word' id='word_1_192' title='bbox 1284 3053 1317 3115; x_wconf 78' lang='lat' dir='ltr'><strong>V,</strong></span> <span class='ocrx_word' id='word_1_193' title='bbox 1330 3069 1367 3102; x_wconf 78' lang='lat' dir='ltr'><strong>ta.</strong></span> <span class='ocrx_word' id='word_1_194' title='bbox 1383 3049 1449 3102; x_wconf 74' lang='lat'><strong>8²8:</strong></span> 
     </span>
     <span class='ocr_line' id='line_1_27' title="bbox 407 3128 1452 3202; baseline -0.003 -19"><span class='ocrx_word' id='word_1_195' title='bbox 407 3145 459 3198; x_wconf 77' lang='lat' dir='ltr'><strong>que</strong></span> <span class='ocrx_word' id='word_1_196' title='bbox 476 3129 553 3183; x_wconf 82' lang='lat' dir='ltr'><strong>istam</strong></span> <span class='ocrx_word' id='word_1_197' title='bbox 568 3133 770 3188; x_wconf 78' lang='lat' dir='ltr'><strong>commissuram</strong></span> <span class='ocrx_word' id='word_1_198' title='bbox 789 3133 907 3202; x_wconf 87' lang='lat' dir='ltr'><strong>interpo·</strong></span> <span class='ocrx_word' id='word_1_199' title='bbox 955 3134 1063 3184; x_wconf 69' lang='lat' dir='ltr'><strong>⁸anoe</strong></span> <span class='ocrx_word' id='word_1_200' title='bbox 1073 3132 1180 3184; x_wconf 80' lang='lat' dir='ltr'><strong>tacitam</strong></span> <span class='ocrx_word' id='word_1_201' title='bbox 1194 3143 1345 3202; x_wconf 81' lang='lat' dir='ltr'><strong>pertentant</strong></span> <span class='ocrx_word' id='word_1_202' title='bbox 1355 3128 1452 3202; x_wconf 70' lang='lat' dir='ltr'><strong>gaudit</strong></span> 
     </span>
     <span class='ocr_line' id='line_1_28' title="bbox 407 3208 1452 3281; baseline 0.004 -23"><span class='ocrx_word' id='word_1_203' title='bbox 407 3225 491 3260; x_wconf 81' lang='lat' dir='ltr'><strong>saera.</strong></span> <span class='ocrx_word' id='word_1_204' title='bbox 500 3209 617 3262; x_wconf 71' lang='lat' dir='ltr'><strong>Gnoson.</strong></span> <span class='ocrx_word' id='word_1_205' title='bbox 627 3240 660 3250; x_wconf 95' lang='lat'>-</span> <span class='ocrx_word' id='word_1_206' title='bbox 670 3212 777 3281; x_wconf 72' lang='lat' dir='ltr'><strong>Quassot</strong></span> <span class='ocrx_word' id='word_1_207' title='bbox 786 3211 906 3264; x_wconf 72' lang='lat' dir='ltr'><strong>liabenas.</strong></span> <span class='ocrx_word' id='word_1_208' title='bbox 952 3226 1076 3266; x_wconf 83' lang='lat' dir='ltr'><strong>mantem.</strong></span> <span class='ocrx_word' id='word_1_209' title='bbox 1087 3234 1098 3258; x_wconf 76' lang='grc' dir='ltr'>ι</span> <span class='ocrx_word' id='word_1_210' title='bbox 1108 3213 1167 3264; x_wconf 86' lang='lat' dir='ltr'><strong>Vet.</strong></span> <span class='ocrx_word' id='word_1_211' title='bbox 1176 3208 1262 3264; x_wconf 84' lang='lat' dir='ltr'><strong>schot.</strong></span> <span class='ocrx_word' id='word_1_212' title='bbox 1269 3213 1452 3262; x_wconf 69' lang='lat' dir='ltr'><strong>Ioousautem</strong></span> 
     </span>
     <span class='ocr_line' id='line_1_29' title="bbox 406 3282 1450 3362; baseline -0.006 -18"><span class='ocrx_word' id='word_1_213' title='bbox 406 3287 489 3353; x_wconf 73' lang='lat' dir='ltr'><strong>Quasi</strong></span> <span class='ocrx_word' id='word_1_214' title='bbox 503 3282 593 3348; x_wconf 83' lang='lat' dir='ltr'><strong>denuo</strong></span> <span class='ocrx_word' id='word_1_215' title='bbox 604 3287 781 3358; x_wconf 81' lang='lat' dir='ltr'><strong>Amphiaraus</strong></span> <span class='ocrx_word' id='word_1_216' title='bbox 795 3301 907 3341; x_wconf 79' lang='lat' dir='ltr'><strong>revena-</strong></span> <span class='ocrx_word' id='word_1_217' title='bbox 952 3291 1111 3362; x_wconf 63' lang='lat' dir='ltr'><strong>Virgilianos</strong></span> <span class='ocrx_word' id='word_1_218' title='bbox 1131 3291 1164 3344; x_wconf 91' lang='lat' dir='ltr'><strong>ad</strong></span> <span class='ocrx_word' id='word_1_219' title='bbox 1185 3292 1235 3342; x_wconf 80' lang='lat' dir='ltr'><strong>itta</strong></span> <span class='ocrx_word' id='word_1_220' title='bbox 1255 3308 1352 3360; x_wconf 81' lang='lat' dir='ltr'><strong>parum</strong></span> <span class='ocrx_word' id='word_1_221' title='bbox 1371 3289 1450 3340; x_wconf 77' lang='lat' dir='ltr'><strong>iacit:</strong></span> 
     </span>
     <span class='ocr_line' id='line_1_30' title="bbox 406 3364 1453 3440; baseline 0.004 -26"><span class='ocrx_word' id='word_1_222' title='bbox 406 3377 450 3416; x_wconf 83' lang='lat' dir='ltr'><strong>tur</strong></span> <span class='ocrx_word' id='word_1_223' title='bbox 462 3364 496 3418; x_wconf 87' lang='lat' dir='ltr'><strong>ad</strong></span> <span class='ocrx_word' id='word_1_224' title='bbox 508 3385 634 3438; x_wconf 79' lang='lat' dir='ltr'><strong>superos,</strong></span> <span class='ocrx_word' id='word_1_225' title='bbox 649 3367 721 3438; x_wconf 90' lang='lat' dir='ltr'><strong>quod</strong></span> <span class='ocrx_word' id='word_1_226' title='bbox 734 3381 774 3420; x_wconf 84' lang='lat' dir='ltr'><strong>att</strong></span> <span class='ocrx_word' id='word_1_227' title='bbox 785 3369 828 3420; x_wconf 74' lang='lat' dir='ltr'><strong>ira</strong></span> <span class='ocrx_word' id='word_1_228' title='bbox 839 3367 908 3420; x_wconf 88' lang='lat' dir='ltr'><strong>iodi-</strong></span> <span class='ocrx_word' id='word_1_229' title='bbox 952 3387 1008 3422; x_wconf 87' lang='lat' dir='ltr'><strong>nou</strong></span> <span class='ocrx_word' id='word_1_230' title='bbox 1032 3371 1102 3422; x_wconf 84' lang='lat' dir='ltr'><strong>enim</strong></span> <span class='ocrx_word' id='word_1_231' title='bbox 1127 3366 1312 3440; x_wconf 78' lang='lat' dir='ltr'><strong>despondebat</strong></span> <span class='ocrx_word' id='word_1_232' title='bbox 1336 3369 1453 3419; x_wconf 83' lang='lat' dir='ltr'><strong>animum</strong></span> 
     </span>
     <span class='ocr_line' id='line_1_31' title="bbox 406 3443 1453 3519; baseline 0.003 -25"><span class='ocrx_word' id='word_1_233' title='bbox 406 3445 492 3511; x_wconf 86' lang='lat' dir='ltr'><strong>oium,</strong></span> <span class='ocrx_word' id='word_1_234' title='bbox 507 3443 580 3515; x_wconf 88' lang='lat' dir='ltr'><strong>quod</strong></span> <span class='ocrx_word' id='word_1_235' title='bbox 594 3444 736 3498; x_wconf 87' lang='lat' dir='ltr'><strong>tardabant</strong></span> <span class='ocrx_word' id='word_1_236' title='bbox 748 3447 795 3498; x_wconf 84' lang='lat' dir='ltr'><strong>ire.</strong></span> <span class='ocrx_word' id='word_1_237' title='bbox 808 3449 885 3500; x_wconf 74' lang='lat' dir='ltr'><strong>Lam.</strong></span> <span class='ocrx_word' id='word_1_238' title='bbox 953 3451 1065 3516; x_wconf 78' lang='lat' dir='ltr'><strong>AEneaa,</strong></span> <span class='ocrx_word' id='word_1_239' title='bbox 1077 3462 1106 3502; x_wconf 93' lang='lat' dir='ltr'><strong>ut</strong></span> <span class='ocrx_word' id='word_1_240' title='bbox 1118 3449 1261 3514; x_wconf 77' lang='lat' dir='ltr'><strong>Adrastus,</strong></span> <span class='ocrx_word' id='word_1_241' title='bbox 1274 3465 1352 3519; x_wconf 86' lang='lat' dir='ltr'><strong>quem</strong></span> <span class='ocrx_word' id='word_1_242' title='bbox 1364 3465 1395 3499; x_wconf 77' lang='lat' dir='ltr'><strong>ex</strong></span> <span class='ocrx_word' id='word_1_243' title='bbox 1407 3445 1453 3498; x_wconf 82' lang='lat' dir='ltr'><strong>tali</strong></span> 
     </span>
    </p>

    <p class='ocr_par' dir='ltr' id='par_1_5' title="bbox 406 3523 1454 3994">
     <span class='ocr_line' id='line_1_32' title="bbox 443 3523 1453 3602; baseline 0.004 -28"><span class='ocrx_word' id='word_1_244' title='bbox 443 3539 502 3591; x_wconf 82' lang='lat'><strong>²¹9·</strong></span> <span class='ocrx_word' id='word_1_245' title='bbox 528 3523 605 3580; x_wconf 79' lang='lat' dir='ltr'><strong>Talia</strong></span> <span class='ocrx_word' id='word_1_246' title='bbox 624 3523 784 3594; x_wconf 50' lang='lat' dir='ltr'><strong>sordemus,</strong></span> <span class='ocrx_word' id='word_1_247' title='bbox 807 3537 908 3578; x_wconf 83' lang='lat' dir='ltr'><strong>noctem</strong></span> <span class='ocrx_word' id='word_1_248' title='bbox 953 3547 981 3581; x_wconf 83' lang='lat' dir='ltr'><strong>re</strong></span> <span class='ocrx_word' id='word_1_249' title='bbox 995 3531 1074 3582; x_wconf 84' lang='lat' dir='ltr'><strong>etiam</strong></span> <span class='ocrx_word' id='word_1_250' title='bbox 1088 3527 1160 3602; x_wconf 85' lang='lat' dir='ltr'><strong>apud</strong></span> <span class='ocrx_word' id='word_1_251' title='bbox 1177 3527 1277 3580; x_wconf 74' lang='lat' dir='ltr'><strong>inferos</strong></span> <span class='ocrx_word' id='word_1_252' title='bbox 1295 3525 1398 3598; x_wconf 83' lang='lat' dir='ltr'><strong>pallore</strong></span> <span class='ocrx_word' id='word_1_253' title='bbox 1411 3527 1453 3578; x_wconf 89' lang='lat' dir='ltr'><strong>ia·</strong></span> 
     </span>
     <span class='ocr_line' id='line_1_33' title="bbox 406 3602 1308 3675; baseline 0.002 -21"><span class='ocrx_word' id='word_1_254' title='bbox 406 3603 568 3666; x_wconf 70' lang='lat' dir='ltr'><strong>esuriatur,</strong></span> <span class='ocrx_word' id='word_1_255' title='bbox 584 3614 706 3675; x_wconf 83' lang='lat' dir='ltr'><strong>euntque.</strong></span> <span class='ocrx_word' id='word_1_256' title='bbox 721 3606 795 3657; x_wconf 87' lang='lat' dir='ltr'><strong>Unus</strong></span> <span class='ocrx_word' id='word_1_257' title='bbox 814 3602 906 3658; x_wconf 80' lang='lat' dir='ltr'><strong>Bahot.</strong></span> <span class='ocrx_word' id='word_1_258' title='bbox 953 3606 1009 3659; x_wconf 89' lang='lat' dir='ltr'><strong>duit</strong></span> <span class='ocrx_word' id='word_1_259' title='bbox 1023 3605 1092 3660; x_wconf 84' lang='lat' dir='ltr'><strong>idem</strong></span> <span class='ocrx_word' id='word_1_260' title='bbox 1106 3609 1191 3660; x_wconf 85' lang='lat' dir='ltr'><strong>Maro.</strong></span> <span class='ocrx_word' id='word_1_261' title='bbox 1211 3607 1308 3657; x_wconf 81' lang='lat' dir='ltr'><strong>Basra.</strong></span> 
     </span>
     <span class='ocr_line' id='line_1_34' title="bbox 406 3683 1454 3754; baseline -0.002 -19"><span class='ocrx_word' id='word_1_262' title='bbox 406 3683 561 3735; x_wconf 74' lang='lat' dir='ltr'><strong>exturbaret.</strong></span> <span class='ocrx_word' id='word_1_263' title='bbox 573 3711 609 3726; x_wconf 81' lang='lat'><strong>-·</strong></span> <span class='ocrx_word' id='word_1_264' title='bbox 620 3685 684 3754; x_wconf 76' lang='lat' dir='ltr'><strong>lieg.</strong></span> <span class='ocrx_word' id='word_1_265' title='bbox 696 3685 717 3735; x_wconf 89' lang='lat' dir='ltr'><strong>B</strong></span> <span class='ocrx_word' id='word_1_266' title='bbox 730 3683 825 3749; x_wconf 86' lang='lat' dir='ltr'><strong>babet,</strong></span> <span class='ocrx_word' id='word_1_267' title='bbox 840 3685 869 3736; x_wconf 85' lang='grc' dir='ltr'><strong>Τ.</strong></span> <span class='ocrx_word' id='word_1_268' title='bbox 884 3705 906 3736; x_wconf 85' lang='grc' dir='ltr'><strong>υ.</strong></span> <span class='ocrx_word' id='word_1_269' title='bbox 990 3687 1049 3740; x_wconf 77' lang='lat'>228.</span> <span class='ocrx_word' id='word_1_270' title='bbox 1068 3685 1188 3738; x_wconf 68' lang='lat' dir='ltr'><strong>Platea.</strong></span> <span class='ocrx_word' id='word_1_271' title='bbox 1211 3683 1311 3737; x_wconf 83' lang='lat' dir='ltr'><strong>Pholoe</strong></span> <span class='ocrx_word' id='word_1_272' title='bbox 1329 3701 1407 3735; x_wconf 83' lang='lat' dir='ltr'><strong>mone</strong></span> <span class='ocrx_word' id='word_1_273' title='bbox 1427 3697 1454 3734; x_wconf 88' lang='lat' dir='ltr'><strong>et</strong></span> 
     </span>
     <span class='ocr_line' id='line_1_35' title="bbox 406 3760 1453 3837; baseline 0 -23"><span class='ocrx_word' id='word_1_274' title='bbox 406 3781 434 3814; x_wconf 87' lang='lat' dir='ltr'><strong>u.</strong></span> <span class='ocrx_word' id='word_1_275' title='bbox 444 3763 609 3828; x_wconf 76' lang='lat' dir='ltr'><strong>exturbabat,</strong></span> <span class='ocrx_word' id='word_1_276' title='bbox 618 3781 744 3835; x_wconf 75' lang='lat' dir='ltr'><strong>euntqne5</strong></span> <span class='ocrx_word' id='word_1_277' title='bbox 754 3765 816 3833; x_wconf 74' lang='lat' dir='ltr'><strong>fleg.</strong></span> <span class='ocrx_word' id='word_1_278' title='bbox 829 3763 851 3814; x_wconf 91' lang='lat' dir='ltr'>C</span> <span class='ocrx_word' id='word_1_279' title='bbox 861 3783 908 3816; x_wconf 92' lang='lat' dir='ltr'><strong>no·</strong></span> <span class='ocrx_word' id='word_1_280' title='bbox 953 3763 1082 3837; x_wconf 89' lang='lat' dir='ltr'><strong>oppidum</strong></span> <span class='ocrx_word' id='word_1_281' title='bbox 1090 3763 1215 3818; x_wconf 73' lang='lat' dir='ltr'><strong>Arcadia.</strong></span> <span class='ocrx_word' id='word_1_282' title='bbox 1224 3765 1333 3818; x_wconf 76' lang='lat' dir='ltr'><strong>Batauo.</strong></span> <span class='ocrx_word' id='word_1_283' title='bbox 1340 3760 1453 3814; x_wconf 76' lang='lat' dir='ltr'><strong>-t’to-</strong></span> 
     </span>
     <span class='ocr_line' id='line_1_36' title="bbox 406 3840 1453 3914; baseline 0 -22"><span class='ocrx_word' id='word_1_284' title='bbox 406 3856 488 3898; x_wconf 82' lang='lat' dir='ltr'><strong>stram</strong></span> <span class='ocrx_word' id='word_1_285' title='bbox 500 3840 560 3894; x_wconf 87' lang='lat' dir='ltr'><strong>leot.</strong></span> <span class='ocrx_word' id='word_1_286' title='bbox 575 3843 621 3894; x_wconf 81' lang='lat' dir='ltr'><strong>Eo.</strong></span> <span class='ocrx_word' id='word_1_287' title='bbox 633 3871 668 3884; x_wconf 90' lang='lat'><strong>-·</strong></span> <span class='ocrx_word' id='word_1_288' title='bbox 681 3844 799 3896; x_wconf 82' lang='lat' dir='ltr'><strong>Noctem.</strong></span> <span class='ocrx_word' id='word_1_289' title='bbox 812 3842 842 3895; x_wconf 88' lang='lat' dir='ltr'><strong>ld</strong></span> <span class='ocrx_word' id='word_1_290' title='bbox 855 3855 907 3910; x_wconf 84' lang='lat' dir='ltr'><strong>est,</strong></span> <span class='ocrx_word' id='word_1_291' title='bbox 954 3843 1002 3896; x_wconf 82' lang='lat' dir='ltr'><strong>lae.</strong></span> <span class='ocrx_word' id='word_1_292' title='bbox 1024 3845 1103 3896; x_wconf 81' lang='lat' dir='ltr'><strong>Mona</strong></span> <span class='ocrx_word' id='word_1_293' title='bbox 1122 3842 1296 3914; x_wconf 74' lang='lat' dir='ltr'><strong>Peloponnesi</strong></span> <span class='ocrx_word' id='word_1_294' title='bbox 1313 3840 1453 3901; x_wconf 61' lang='lat' dir='ltr'><strong>Str-aboth</strong></span> 
     </span>
     <span class='ocr_line' id='line_1_37' title="bbox 406 3919 1454 3994; baseline 0 -22"><span class='ocrx_word' id='word_1_295' title='bbox 406 3924 493 3976; x_wconf 82' lang='lat' dir='ltr'><strong>noctis</strong></span> <span class='ocrx_word' id='word_1_296' title='bbox 505 3924 634 3994; x_wconf 84' lang='lat' dir='ltr'><strong>quietam,</strong></span> <span class='ocrx_word' id='word_1_297' title='bbox 646 3942 776 3977; x_wconf 85' lang='lat' dir='ltr'><strong>somnum.</strong></span> <span class='ocrx_word' id='word_1_298' title='bbox 953 3935 979 3974; x_wconf 82' lang='lat' dir='ltr'><strong>et</strong></span> <span class='ocrx_word' id='word_1_299' title='bbox 990 3921 1091 3985; x_wconf 86' lang='lat' dir='ltr'><strong>Plinio,</strong></span> <span class='ocrx_word' id='word_1_300' title='bbox 1103 3923 1130 3973; x_wconf 88' lang='lat' dir='ltr'><strong>in</strong></span> <span class='ocrx_word' id='word_1_301' title='bbox 1143 3919 1273 3987; x_wconf 74' lang='lat' dir='ltr'><strong>Arcadia,</strong></span> <span class='ocrx_word' id='word_1_302' title='bbox 1284 3920 1374 3986; x_wconf 63' lang='lat' dir='ltr'><strong>xiia,</strong></span> <span class='ocrx_word' id='word_1_303' title='bbox 1387 3931 1454 3972; x_wconf 86' lang='lat' dir='ltr'><strong>teste</strong></span> 
     </span>
    </p>

    <p class='ocr_par' dir='ltr' id='par_1_6' title="bbox 406 3997 1454 4312">
     <span class='ocr_line' id='line_1_38' title="bbox 444 3997 1454 4072; baseline -0.004 -18"><span class='ocrx_word' id='word_1_304' title='bbox 444 4017 503 4056; x_wconf 79' lang='lat' dir='ltr'><strong>tat.</strong></span> <span class='ocrx_word' id='word_1_305' title='bbox 512 4002 593 4054; x_wconf 77' lang='lat' dir='ltr'><strong>Corde</strong></span> <span class='ocrx_word' id='word_1_306' title='bbox 599 4003 675 4056; x_wconf 81' lang='lat' dir='ltr'><strong>Deus.</strong></span> <span class='ocrx_word' id='word_1_307' title='bbox 685 4005 723 4054; x_wconf 76' lang='lat' dir='ltr'><strong>Ao</strong></span> <span class='ocrx_word' id='word_1_308' title='bbox 734 4005 755 4056; x_wconf 87' lang='lat' dir='ltr'><strong>si</strong></span> <span class='ocrx_word' id='word_1_309' title='bbox 763 4003 844 4058; x_wconf 79' lang='lat' dir='ltr'><strong>corda</strong></span> <span class='ocrx_word' id='word_1_310' title='bbox 854 4021 908 4056; x_wconf 90' lang='lat' dir='ltr'><strong>om·</strong></span> <span class='ocrx_word' id='word_1_311' title='bbox 953 4002 1050 4072; x_wconf 66' lang='lat' dir='ltr'><strong>Nigro,</strong></span> <span class='ocrx_word' id='word_1_312' title='bbox 1062 4000 1187 4066; x_wconf 78' lang='lat' dir='ltr'><strong>silvosus,</strong></span> <span class='ocrx_word' id='word_1_313' title='bbox 1198 4003 1321 4065; x_wconf 65' lang='lat' dir='ltr'><strong>nivosus,</strong></span> <span class='ocrx_word' id='word_1_314' title='bbox 1335 4012 1361 4054; x_wconf 87' lang='lat' dir='ltr'><strong>et</strong></span> <span class='ocrx_word' id='word_1_315' title='bbox 1371 3997 1454 4052; x_wconf 78' lang='lat' dir='ltr'><strong>excel·</strong></span> 
     </span>
     <span class='ocr_line' id='line_1_39' title="bbox 406 4079 1453 4155; baseline -0.002 -21"><span class='ocrx_word' id='word_1_316' title='bbox 406 4099 455 4134; x_wconf 86' lang='lat' dir='ltr'><strong>nes</strong></span> <span class='ocrx_word' id='word_1_317' title='bbox 477 4079 628 4154; x_wconf 82' lang='lat' dir='ltr'><strong>Apollinem</strong></span> <span class='ocrx_word' id='word_1_318' title='bbox 650 4096 697 4134; x_wconf 88' lang='lat' dir='ltr'><strong>aut</strong></span> <span class='ocrx_word' id='word_1_319' title='bbox 716 4081 907 4153; x_wconf 76' lang='lat' dir='ltr'><strong>Amphiaraum</strong></span> <span class='ocrx_word' id='word_1_320' title='bbox 953 4100 1019 4148; x_wconf 76' lang='lat' dir='ltr'><strong>aas,</strong></span> <span class='ocrx_word' id='word_1_321' title='bbox 1047 4083 1116 4153; x_wconf 72' lang='lat' dir='ltr'><strong>Pysae</strong></span> <span class='ocrx_word' id='word_1_322' title='bbox 1144 4082 1270 4155; x_wconf 73' lang='lat' dir='ltr'><strong>Olympia</strong></span> <span class='ocrx_word' id='word_1_323' title='bbox 1295 4081 1453 4154; x_wconf 79' lang='lat' dir='ltr'><strong>proximas,</strong></span> 
     </span>
     <span class='ocr_line' id='line_1_40' title="bbox 407 4158 1453 4232; baseline 0.002 -22"><span class='ocrx_word' id='word_1_324' title='bbox 407 4167 576 4232; x_wconf 64' lang='lat' dir='ltr'><strong>recapitent.</strong></span> <span class='ocrx_word' id='word_1_325' title='bbox 596 4160 684 4214; x_wconf 83' lang='lat' dir='ltr'><strong>Corda</strong></span> <span class='ocrx_word' id='word_1_326' title='bbox 702 4161 834 4216; x_wconf 80' lang='lat' dir='ltr'><strong>insidebat</strong></span> <span class='ocrx_word' id='word_1_327' title='bbox 849 4161 906 4215; x_wconf 79' lang='lat' dir='ltr'><strong>talia</strong></span> <span class='ocrx_word' id='word_1_328' title='bbox 953 4163 1027 4229; x_wconf 78' lang='lat' dir='ltr'><strong>cajus</strong></span> <span class='ocrx_word' id='word_1_329' title='bbox 1047 4163 1167 4214; x_wconf 78' lang='lat' dir='ltr'><strong>meminit</strong></span> <span class='ocrx_word' id='word_1_330' title='bbox 1184 4158 1308 4226; x_wconf 78' lang='lat' dir='ltr'><strong>Ovidius,</strong></span> <span class='ocrx_word' id='word_1_331' title='bbox 1326 4162 1395 4216; x_wconf 79' lang='lat' dir='ltr'><strong>Fast.</strong></span> <span class='ocrx_word' id='word_1_332' title='bbox 1415 4159 1453 4225; x_wconf 75' lang='lat' dir='ltr'><strong>ll,</strong></span> 
     </span>
     <span class='ocr_line' id='line_1_41' title="bbox 407 4239 1077 4312; baseline -0.003 -21"><span class='ocrx_word' id='word_1_333' title='bbox 407 4242 487 4294; x_wconf 81' lang='lat' dir='ltr'><strong>furor.</strong></span> <span class='ocrx_word' id='word_1_334' title='bbox 500 4241 623 4312; x_wconf 66' lang='lat' dir='ltr'><strong>Virgilius</strong></span> <span class='ocrx_word' id='word_1_335' title='bbox 641 4241 739 4294; x_wconf 75' lang='lat' dir='ltr'><strong>AEneitl.</strong></span> <span class='ocrx_word' id='word_1_336' title='bbox 754 4243 803 4306; x_wconf 77' lang='lat' dir='ltr'><strong>Vl,</strong></span> <span class='ocrx_word' id='word_1_337' title='bbox 819 4261 841 4292; x_wconf 79' lang='lat' dir='ltr'><strong>v.</strong></span> <span class='ocrx_word' id='word_1_338' title='bbox 856 4242 903 4294; x_wconf 85' lang='lat'><strong>80:</strong></span> <span class='ocrx_word' id='word_1_339' title='bbox 954 4239 1012 4310; x_wconf 66' lang='lat'>³73·</span> <span class='ocrx_word' id='word_1_340' title='bbox 1032 4239 1077 4290; x_wconf 82' lang='lat' dir='ltr'><strong>En.</strong></span> 
     </span>
    </p>
   </div>
   <div class='ocr_carea' id='block_1_4' title="bbox 0 0 1646 5166">
    <p class='ocr_par' dir='ltr' id='par_1_7' title="bbox 0 0 1646 5166">
     <span class='ocr_line' id='line_1_42' title="bbox 0 0 1646 5166; baseline 0 0"><span class='ocrx_word' id='word_1_341' title='bbox 0 0 1646 5166; x_wconf 95' lang='lat' dir='ltr'><strong> </strong></span> 
     </span>
    </p>
   </div>
  </div>
 </body>
</html>
