3194 5156
569 501 711 566 LIBER
737 502 782 566 11.
1136 499 1200 568 565

197 629 367 724 Tydides:
385 631 587 714 rQusnunc
599 650 718 695 verum
730 629 860 694 ratione
871 649 1030 720 paremus

198 741 365 810 Scrutari?
377 759 524 833 namque
536 737 695 830 ambiguo
707 736 770 805 sub
783 751 919 830 pectore
931 736 1103 832 quondam

199 857 322 932 Verso,
336 848 418 945 quid
430 847 582 916 imbelles
595 848 730 940 thyrsos
743 863 911 916 mercatus
923 867 957 915 et
967 871 1049 930 aera,
1168 860 1203 925 4ο

199 961 346 1030 Urbibus
358 963 393 1026 in
407 958 543 1040 mediis,
558 957 783 1054 Bacchaeaque
796 975 903 1051 terga,
918 960 1104 1051 mitrasque

198 1079 274 1141 Huc
285 1072 401 1152 tuleris
412 1125 420 1154 ,
433 1073 594 1165 varioque
608 1069 786 1163 adspersas
799 1069 954 1138 nebridas
966 1073 1068 1137 auro?
1112 1144 1119 1150 ‚

199 1175 1256 1276 HisnegravemPhrygibus,Priamoquearmamusrlcbillem?r

248 1293 302 1360 Illi
314 1291 492 1360 subridens
507 1290 640 1358 lthecus
652 1289 806 1383 paullum
818 1313 876 1357 ore
890 1291 1050 1357 remisso:
1109 1306 1111 1314 ’

205 1410 309 1472 «Haec
321 1403 395 1486 tibi,
411 1405 560 1495 virginea
571 1401 673 1469 modo
685 1405 713 1470 si
725 1400 925 1494 Lycomedis
938 1405 973 1468 in
984 1399 1063 1468 aula
1172 1410 1205 1476 45

199 1513 330 1583 Fraude
342 1515 468 1596 lateus,
481 1514 571 1582 ultro
583 1515 775 1582 confessum
788 1516 823 1581 in
837 1514 953 1606 praelie
965 1510 1091 1580 ducent

202 1626 359 1694 Peliden:
375 1641 413 1692 tu
424 1641 547 1694 cuncta
558 1629 644 1694 citus
655 1624 697 1696 de
709 1650 825 1721 puppe
837 1640 1006 1692 memento

153 1811 518 1884 scripturamseruntprobet.
527 1813 556 1863 ln
566 1811 658 1864 eadem
738 1811 781 1878 43.
804 1811 887 1864 Hisne
908 1827 1013 1883 proveni
1041 1807 1207 1882 Pliryqibus,

152 1910 202 1944 nos
216 1892 389 1963 persuasione
411 1909 517 1960 sumus,
535 1911 596 1944 eum
615 1911 659 1944 eo·
705 1891 862 1966 Priamoque
897 1907 1029 1941 nmromus
1065 1885 1235 1940 Achilleos

152 1969 308 2023 cedentibus
318 1970 420 2023 Aldinis
432 1971 634 2043 exemplaribus.
644 1995 654 2019 ι
702 1973 766 2044 Reg.
778 1972 798 2022 B
810 1971 919 2042 prebet,
927 1969 1008 2022 Hisne
1014 1986 1120 2044 prooem
1130 1969 1208 2021 Prin-

152 2052 248 2102 Brurnu.
265 2053 324 2101 Put.
341 2061 443 2112 terunt,·
462 2049 507 2102 elii
523 2071 585 2103 vero
597 2052 658 2103 Lin·
703 2069 746 2103 mo
765 2051 911 2125 Plrryqibus
927 2051 1041 2104 armaris
1056 2047 1207 2110 Achillem,-

152 2129 504 2202 denbrogiifenrnt.-lleg.
513 2129 659 2197 Bexbibet‚
703 2129 766 2200 fleg.
781 2129 802 2181 C
814 2143 930 2182 nostram
944 2129 1003 2181 lect.
1019 2131 1065 2182 Eu.
1075 2157 1112 2168 -
1121 2126 1208 2202 Pliry-

151 2209 262 2262 Alterno
288 2227 405 2262 sermone
428 2221 529 2271 terunt5
548 2213 611 2282 Reg.
638 2211 659 2264 C
700 2209 925 2282 qilrus.Trojanis.

151 2301 271 2340 nostram
290 2289 350 2341 lect.
365 2291 411 2342 Eu.
431 2319 468 2329 -
483 2289 591 2342 Alterno
606 2308 658 2342 ser·
739 2287 783 2356 ⁴4.
796 2286 846 2340 lut
858 2287 997 2339 subridens.
1014 2281 1208 2358 «Optimelibri

152 2387 230 2421 mone
240 2381 334 2422 serunt.
348 2371 470 2423 sumtum
480 2369 513 2422 nb
526 2370 658 2441 agricolis,
702 2368 786 2420 nostri
802 2389 808 2420 r
826 2365 883 2420 oto·
898 2367 1045 2429 nebridens5
1068 2379 1098 2418 ut
1114 2363 1206 2436 virgil.

152 2451 199 2522 qui
215 2448 365 2502 incedendo
381 2467 459 2522 egros
477 2467 539 2501 suos
558 2451 657 2501 semine
702 2449 761 2501 AEu.
772 2449 800 2516 1,
818 2445 869 2515 254
884 2445 958 2501 «ont
970 2443 1111 2500 subridens
1120 2443 1208 2498 borni-

152 2529 263 2599 replent.
702 2547 765 2580 num
775 2541 903 2594 esttenete
922 2553 933 2576 ι
945 2541 971 2580 et
979 2527 1035 2592 llll,
1043 2527 1207 2598 829.Utique

188 2609 231 2661 38.
244 2607 363 2679 Tydides.
379 2607 529 2661 Diomedes.
700 2610 863 2679 geniinatum
878 2627 955 2660 usum
973 2609 1014 2660 sui
1034 2606 1150 2679 parentis
1165 2621 1207 2656 se·

187 2689 231 2757 39.
252 2689 384 2740 Scrutari?
404 2709 517 2762 nomque
534 2690 657 2762 ambiquo
701 2701 779 2740 cutus
789 2702 828 2740 est
838 2687 978 2758 Papinius3
991 2699 1016 2738 et
1027 2683 1152 2738 siebnbet
1162 2701 1208 2735 ve·

152 2767 455 2839 subpectorequondam.
465 2771 530 2838 lieg.
540 2767 656 2833 Rhabo,
703 2779 745 2818 tus
757 2765 825 2818 liber
837 2766 1032 2818 Bernartianus.
1043 2787 1054 2812 s
1067 2765 1163 2814 Brutti.
1171 2791 1207 2802 —

153 2863 268 2918 nomque
283 2846 407 2918 ambiquo
422 2848 467 2898 snb
482 2857 585 2919 pectore
602 2849 658 2919 pri-
705 2845 755 2896 Ore
767 2845 877 2896 remisso.
892 2845 989 2896 Fronte
1004 2841 1151 2914 explicate,
1165 2861 1208 2894 re·
1276 2867 1278 2870 ·

152 2926 229 2987 dem,·
242 2928 305 2994 Reg.
324 2925 346 2976 C
367 2939 483 2978 nostram
494 2926 554 2979 lect.
566 2929 614 2980 En.
702 2923 798 2976 laxata.
820 2923 869 2977 Sed
889 2925 957 2976 forte
976 2924 1079 2976 remisso
1099 2921 1143 2974 bic
1162 2921 1208 2974 de-

188 3003 232 3070 dt.
247 3003 354 3056 Urbibus
365 3004 392 3054 in
403 3005 507 3071 mediis,
519 3005 657 3059 Baccnea-
703 3005 793 3056 misso.
816 3005 936 3056 Baissant
958 3023 995 3055 nn
1020 3021 1072 3074 peu
1096 2999 1123 3054 la
1149 3003 1206 3053 tete.

152 3084 382 3158 queterpnbegg.
398 3082 658 3156 BetCBacclreaque
702 3083 833 3136 Gutn'roe.

153 3172 222 3235 terpa
237 3160 364 3232 praebent.
376 3162 422 3213 Eo.
434 3192 472 3202 —
483 3155 658 3234 Baoclroeaque
737 3164 781 3231 db.
796 3165 860 3217 Hoee
879 3165 926 3216 tibi
948 3164 1073 3239 Vispirrea
1090 3161 1168 3216 modo
1186 3163 1208 3216 si

154 3252 233 3316 terpa.
245 3241 274 3293 ld
285 3254 334 3307 est,
343 3254 467 3313 tympano
479 3259 546 3313 quse,
558 3255 587 3294 ut
595 3241 659 3293 dixi·
702 3243 853 3314 lycomedis
863 3243 891 3295 in
902 3242 975 3295 aula.
984 3245 1048 3312 lieg.
1057 3243 1077 3294 B
1086 3241 1208 3310 exhibet,

153 3339 228 3386 mus,
245 3321 273 3370 in
289 3323 371 3372 soc'ris
384 3319 593 3387 adhibebantur,
608 3322 658 3372 im·
702 3321 766 3373 Hoec
780 3321 826 3374 tibi
839 3321 965 3394 Virpr'nea
977 3321 1071 3374 melosi
1083 3321 1207 3390 Lycome-

153 3401 259 3471 proprie
278 3413 366 3451 tamen
381 3411 455 3471 terga
469 3397 533 3452 dixit
542 3417 592 3471 pso
604 3413 657 3453 ter·
702 3399 787 3452 disin
811 3397 874 3451 aula
892 3411 948 3460 est‚·
968 3402 1032 3473 Reg.
1052 3399 1208 3452 Cnostrem

153 3497 226 3549 gera.
240 3479 362 3530 Bntssnn.
702 3478 763 3532 leet.
777 3480 825 3531 Eo.

188 3557 231 3625 dn.
250 3557 378 3610 Nebridas
394 3575 466 3610 auro.
486 3557 569 3611 Pelles
590 3560 653 3611 Boc·
738 3558 781 3625 46.
805 3557 879 3610 Ultro
900 3559 1052 3630 confessum.
1071 3559 1209 3610 Preoccu·

128 3661 132 3670 ’
153 3635 288 3690 ebantium
305 3637 436 3708 intelligit.
451 3638 576 3709 Papinius
597 3655 655 3708 sup.
702 3649 749 3708 pat
764 3637 862 3688 future.
879 3639 949 3689 Nam
965 3635 1095 3702 Achilles,
1113 3635 1207 3687 berum

152 3716 198 3770 lib.
208 3737 233 3769 r.
244 3717 296 3788 609
306 3739 312 3768 :
328 3740 339 3763 ι
349 3719 385 3770 Ut
395 3737 457 3768 vero
469 3737 483 3769 a
494 3719 570 3769 tereti
581 3715 658 3768 dirni-
702 3733 791 3768 rerum
809 3717 960 3768 ostensione
979 3727 1086 3787 spreta,
1102 3729 1207 3767 scutum

153 3799 186 3850 sit
198 3795 308 3850 nebride
320 3795 420 3848 collo·
433 3797 597 3864 TacitusXL
608 3797 638 3849 31
650 3815 657 3858 ;
703 3810 729 3849 et
744 3813 817 3870 ayma
831 3797 933 3867 capiet,
949 3808 979 3848 ut
992 3799 1019 3847 in
1035 3794 1208 3867 sequentibus

156 3877 287 3928 nFeminn
297 3875 411 3949 pellibus
419 3878 542 3929 occiuote
550 3875 659 3930 assolta·
703 3875 814 3948 patebit.
828 3876 951 3929 uerrere.

153 3958 218 4010 bant
236 3957 308 4010 velut
325 3957 515 4026 sacrificantes,
531 3959 572 4010 vel
588 3959 659 4010 insa·
739 3958 782 4025 47.
798 3955 908 4009 Peliden
924 3977 932 4006 .-
952 3967 979 4009 tu
992 3965 1085 4008 cuncta
1101 3954 1165 4008 citus
1178 3955 1210 4007 de

154 4037 256 4090 nientes
280 4036 426 4089 Bacche.»
449 4035 585 4089 Videndus
611 4037 658 4089 tibi
702 4055 793 4109 puppe
806 4047 946 4090 memento.
961 4039 991 4088 ln
1005 4039 1068 4106 Reg,
1086 4034 1209 4106 Blegus,

155 4118 264 4168 omnino
273 4115 416 4169 Atheneus
427 4115 473 4169 lib.
483 4117 552 4183 xm,
563 4135 615 4188 quo
626 4115 659 4170 de
704 4129 732 4169 tu
743 4136 815 4170 nunc
825 4119 916 4171 tacitus
925 4117 957 4169 de
963 4134 1053 4190 puppe
1060 4127 1208 4178 memento,·

155 4195 280 4268 Pyrrbiea
293 4196 433 4251 saltatione
450 4199 512 4270 ogit.
532 4200 659 4251 linuntur.
704 4199 733 4249 ln
745 4197 810 4270 Reg.
823 4197 845 4250 C
856 4209 974 4251 nostram
984 4198 1045 4252 leet·
1057 4197 1104 4253 Eo.
