3256 5160
622 597 766 661 LIBER
791 599 817 660 1.
1179 597 1244 665 505

241 729 370 816 Ipsam,
384 721 444 788 sed
457 719 585 789 catulos
598 737 772 815 apportat,
786 739 818 788 et
830 723 946 788 incitat
956 745 1099 815 ungues.
1199 753 1248 808 170

239 841 331 922 Quos
343 852 474 918 tamen,
488 832 603 902 utfido
616 838 760 928 genitrix
773 838 810 902 iu¹
820 835 936 902 limine
948 837 1020 902 visa
1030 853 1096 920 est,

240 942 376 1038 Abjicit,
390 961 635 1038 exceptamque
646 941 753 1012 avidis
765 941 977 1036 circumligat
988 943 1094 1025 ulnis,

241 1062 317 1125 Jam
331 1061 439 1149 gravis
453 1055 632 1149 amplexu,
642 1053 784 1152 jamque
796 1081 915 1151 aequus
927 1059 1051 1123 vertice
1063 1059 1171 1124 matri.

288 1171 484 1263 Insequitur
495 1190 620 1260 magno
629 1165 702 1261 jam
713 1185 796 1236 tunc
807 1191 980 1235 connexus
992 1189 1107 1235 amore

241 1280 431 1362 Patroclus,
442 1283 612 1375 tantisque
624 1279 816 1348 extenditur
826 1279 969 1348 aemulus
982 1281 1076 1362 actis,
1199 1293 1247 1362 ¹:²⁵

242 1401 306 1463 Par
318 1395 452 1478 studiis,
466 1399 596 1490 aevique
608 1397 734 1480 modis,
749 1396 809 1464 sed
822 1396 943 1464 robore
956 1395 1076 1490 longe,

242 1513 283 1574 Et
293 1524 408 1598 tamen
421 1505 544 1602 aequali
556 1510 690 1575 visurus
704 1513 867 1599 Pergama
878 1507 959 1574 fata.

291 1621 445 1685 Protinus
458 1617 514 1685 ille
527 1617 616 1686 subit
628 1619 762 1712 rapido,
777 1631 853 1713 qua'e
864 1620 1037 1712 proxima,
1052 1617 1140 1686 saltu

244 1727 414 1811 Flumina,
428 1729 664 1823 fumantesque
677 1752 795 1820 genas,
809 1732 1007 1822 crinemque
1020 1745 1165 1798 novatur

243 1841 418 1909 Fontibus.
434 1847 568 1909 Eurotae
580 1841 689 1936 qualis
704 1841 789 1909 vada
800 1847 919 1909 Castor
931 1840 1055 1908 anhelo
1201 1852 1251 1904 180

245 1955 353 2018 latrat
364 1975 471 2046 equo,
483 1952 679 2048 fessumque
692 1956 744 2022 sui
756 1949 858 2046 jubar
871 1954 993 2022 excitat
1004 1955 1096 2020 astri.

237 2191 294 2244 17ο.
306 2174 515 2248 Ιηείῑατυηφιες.
532 2173 624 2243 idest,
639 2175 703 2229 inci·
746 2177 808 2250 pari
820 2191 909 2230 tamen
919 2189 1005 2229 morte
1016 2173 1135 2229 cecidere
1144 2175 1172 2226 in
1181 2171 1251 2226 obsi·

197 2266 236 2306 tat
244 2255 346 2306 catalos
354 2255 581 2326 apprehendendo
589 2275 701 2328 ungues,
747 2258 966 2328 dioneTrojana,
979 2257 1116 2310 Patroclus
1126 2257 1194 2308 enim
1201 2258 1253 2328 pri-

198 2345 228 2385 ut
241 2332 363 2386 ludentes
376 2338 452 2406 pueri
465 2336 551 2387 iacere
564 2335 658 2388 solent.
747 2357 792 2388 mo
820 2337 854 2390 ab
878 2337 1026 2410 Euphorbo
1053 2337 1086 2389 ad
1117 2338 1251 2388 interitum

237 2413 294 2483 174.
314 2417 338 2466 Ι.
358 2435 393 2467 m.
408 2419 469 2489 jam
492 2428 552 2468 tunc
572 2435 703 2469 connexus
747 2415 1253 2485 vulneratus,abllectoremoxmultis

198 2513 294 2546 amore.
307 2495 425 2548 Gronov.
438 2495 515 2549 Obss.
527 2496 576 2562 lll,
591 2514 612 2561 1,
625 2497 703 2566 legit,
749 2497 924 2570 obscenisque
946 2496 1101 2549 vulneribus
1125 2499 1252 2548 interem-

189 2575 250 2646 jam
264 2585 321 2626 tum
331 2593 470 2629 connexus.
688 2591 692 2603 ·
747 2592 810 2650 ptus
824 2591 871 2630 est.
889 2575 1005 2630 Achilles
1020 2593 1084 2628 vero
1099 2575 1199 2628 Paridis
1213 2593 1254 2626 ss-

239 2649 295 2721 175.
309 2654 458 2720 Patroclus,
475 2655 603 2728 tantisque
613 2666 703 2706 exten-
747 2657 813 2726 gitta
826 2657 851 2707 in
866 2656 967 2728 templo
978 2655 1110 2727 Apollinis
1123 2653 1157 2704 ad
1171 2653 1251 2704 talum

198 2730 270 2781 ditur
280 2732 390 2785 remulus
399 2735 470 2784 actis.
482 2735 545 2786 Exc.
559 2735 636 2806 Burg.
647 2746 703 2787 tau·
748 2734 824 2806 pedis
832 2753 974 2807 percussus
982 2734 1118 2785 accubuit.
1127 2735 1251 2784 Battara.

199 2810 231 2862 tis
242 2813 369 2863 eruditur.
389 2815 541 2866 Bernartius
557 2817 627 2884 conj.
642 2826 703 2865 tarr-
788 2833 845 2885 179.
858 2816 886 2865 F.
894 2815 940 2886 sq.
957 2833 983 2888 7.
1004 2816 1153 2882 crinemque
1170 2831 1252 2863 nova·

199 2887 281 2960 tisque
292 2891 456 2958 accenditur,
467 2893 635 2964 improbante
646 2895 704 2945 Bar·
749 2905 799 2945 tur.
812 2897 841 2945 ln
855 2893 947 2944 iisdem
961 2892 1032 2943 libris
1048 2906 1074 2944 et
1092 2893 1154 2942 Exc.
1172 2891 1251 2962 Burg.

198 2965 456 3022 thio—Patroclus.
466 2971 583 3023 Menoetii
597 2986 622 3023 et
633 2971 705 3025 Sthe·
748 2973 899 3043 crinemque
915 2973 1029 3023 novavit.
1045 3002 1081 3012 —·
1098 2971 1254 3043 Crinemque

198 3045 271 3097 neles
286 3046 368 3114 lilius,
381 3047 509 3100 oriundus
528 3051 637 3122 Opunte
651 3052 704 3103 Lo·
750 3062 862 3104 novatur
883 3052 1014 3104 Fontibus.
1033 3050 1064 3102 ld
1083 3064 1135 3118 est,
1154 3050 1254 3116 abluit,

198 3142 304 3178 crorum
319 3127 421 3198 oppido
432 3148 439 3188 ;
456 3130 502 3199 qui
512 3147 592 3200 quum
602 3131 703 3200 11117111-
749 3133 824 3205 quasi
836 3145 1020 3183 renovaturus.

198 3203 278 3270 dous,
303 3225 352 3278 per
377 3206 468 3258 ludum
493 3209 703 3279 astragalorum,
788 3213 844 3264 180.
855 3211 1104 3263 Fortunatiano:
1115 3209 1253 3286 qualisve-

197 3283 385 3357 Cleonymum,
400 3305 461 3351 seu,
475 3301 504 3339 ut
519 3287 574 3339 vult
595 3288 704 3354 Strabo,
748 3292 781 3344 da
793 3291 996 3346 Castoranltelo.
1010 3293 1115 3345 Eurotoe
1129 3291 1189 3346 talis
1204 3295 1253 3344 Pc-

198 3363 545 3435 AEanemdmpbidamantis
554 3365 651 3433 lilium,
663 3387 705 3418 oc·
748 3387 829 3424 erens.
843 3375 947 3424 Eurota
959 3371 1045 3444 qualit
1064 3393 1130 3446 vaga
1148 3375 1205 3422 Put.
1218 3401 1253 3410 —

198 3441 318 3510 cidisset,
332 3464 363 3496 ac
374 3445 460 3496 solum
476 3459 578 3498 urutare
593 3462 703 3500 coactus
749 3455 863 3504 Eurotae.
881 3455 993 3504 Eurotas
1009 3451 1102 3502 ilarius
1121 3452 1251 3503 Lucaniae.

197 3524 313 3592 fuisset,
336 3525 458 3596 confugit
481 3526 514 3577 ad
544 3527 647 3578 Pelcum
676 3530 703 3580 iu
748 3562 784 3571 —
804 3534 898 3583 Castor.
917 3533 1012 3583 Frater
1032 3529 1161 3596 Pollucis,
1180 3531 1253 3581 Jovis

197 3603 376 3669 Thessaliam,
400 3625 415 3656 a
439 3625 493 3676 quo
515 3606 703 3677 benignissime
748 3623 774 3662 et
792 3609 870 3661 Ledae
886 3610 968 3678 lilius,
989 3609 1126 3682 equitandi
1147 3613 1253 3682 peritis-

197 3685 248 3737 tuit
260 3702 384 3758 exceptus
402 3702 512 3759 propter
531 3689 702 3755 affinitatem,
747 3691 837 3740 simus.

197 3783 229 3816 ac
242 3765 352 3818 Chiroui
366 3769 393 3818 in
407 3767 573 3838 disciplinam
592 3769 703 3822 traditus
787 3769 845 3819 181.
862 3769 885 3819 Ι.
907 3785 928 3818 e.
945 3767 1098 3840 fessumque
1117 3767 1158 3822 sui
1171 3768 1256 3840 jubar

197 3862 251 3896 una
265 3863 326 3896 curn
338 3845 456 3913 Achille,
469 3865 530 3900 curn
543 3865 598 3918 quo
611 3850 702 3900 arctis·
748 3845 846 3897 excitat
857 3847 927 3897 astri.
940 3846 1004 3915 Reg.
1020 3847 1039 3896 B
1053 3846 1148 3910 babet,
1155 3845 1253 3917 sessiu-

199 3922 264 3974 sima
277 3927 392 3977 amicitia
404 3930 514 3996 junctus
524 3927 595 3978 vixit.
748 3943 798 3995 que
808 3925 849 3976 sui
854 3926 938 3996 jubar
948 3925 1043 3976 excitat
1056 3926 1117 3975 astri
1122 3945 1132 3985 ,·
1144 3925 1206 3996 Reg.
1217 3925 1253 3988 C,

237 4000 294 4071 176.
319 4005 350 4054 P.
374 4023 393 4056 s.
418 4024 465 4077 aeq.
488 4025 523 4056 m,
546 4006 591 4057 sed
615 4007 704 4057 robore
743 4005 893 4077 fessumque
910 4006 949 4058 sui
963 4007 1047 4078 jubar
1068 4006 1160 4056 incitat
1181 4005 1251 4057 astri.

198 4079 284 4153 louge.
299 4081 378 4134 baur.
388 4085 506 4154 Lipsian
522 4098 548 4136 et
563 4083 625 4135 edd.
639 4097 702 4135 vett.
748 4113 784 4122 —
797 4086 950 4157 discumque
956 4087 1044 4158 jubar.
1055 4082 1155 4135 Alludit
1168 4083 1199 4135 ad
1212 4085 1254 4136 fa·

196 4160 241 4211 sed
250 4163 338 4213 robore
347 4164 441 4232 dispar.
747 4161 852 4230 balam,
863 4183 915 4237 qua
927 4165 1037 4230 dicitur,
1049 4165 1214 4216 versantibus
1224 4167 1251 4216 in

236 4255 294 4310 177.
312 4242 423 4314 AEquali
435 4245 533 4294 animo.
547 4243 615 4293 Nam
634 4257 702 4295 uter·
747 4261 844 4314 magna
856 4257 1014 4316 tempestate
1025 4241 1253 4314 Argonautis,du·

198 4335 250 4389 que
262 4318 324 4371 licet
335 4319 435 4392 dispari
452 4324 572 4393 corporis
589 4323 701 4388 robore,
748 4343 777 4376 as
790 4324 880 4376 stellas
893 4326 995 4376 stetisse
1008 4343 1087 4395 supra
1101 4325 1187 4396 capita
1200 4325 1252 4375 Ca-
