3230 5168
413 521 473 600 1118
646 515 679 575 P.
708 515 741 574 Ρ.
769 511 922 574 STrl'l'll
948 513 1222 582 THEBAIDOS

502 649 671 728 Sterneret
682 637 842 716 adversos
855 639 1040 704 etiamnum
1054 642 1220 708 ismenias
1233 647 1373 711 Hannon

457 750 649 833 Inachidas,
666 753 762 835 (nant
774 747 840 814 tela
852 749 952 839 regit,
965 750 1121 843 viresque
1132 753 1300 820 ministrat

456 859 807 958 Amphitryoniades,)
821 882 949 926 saevum
961 858 1021 926 sed
1032 859 1149 953 Tydea
1161 879 1277 930 contra
1406 880 1458 932 500

455 974 563 1043 Pallas
575 975 661 1064 agit:
671 967 810 1063 jamque
822 968 965 1038 adverso
976 993 1097 1038 venere
1107 971 1221 1040 favore

451 1085 631 1162 Gonnum,
645 1095 677 1147 et
690 1077 822 1172 placido
833 1081 926 1170 prior
938 1077 1011 1146 haec
1023 1081 1222 1171 Tirynthius
1235 1107 1309 1152 ore:

505 1191 611 1260 «Fida
623 1213 732 1269 soror,
746 1212 902 1282 quaenam
914 1187 1006 1257 hunc
1017 1189 1097 1258 belli
1108 1192 1250 1285 caligine
1262 1196 1358 1263 nobis

453 1315 680 1398 Congressum
693 1307 841 1369 Fortuna
852 1298 951 1368 tulit?
963 1327 1047 1370 num
1059 1307 1151 1396 regia
1162 1310 1180 1372 J
1184 1331 1252 1374 uno

453 1423 525 1485 Hoc
536 1413 652 1482 molita
664 1412 780 1479 nefas?
793 1413 890 1480 citius
903 1435 957 1478 me
967 1411 1111 1483 fulmina
1123 1433 1257 1499 contra,
1404 1433 1462 1494 505.

454 1523 655 1606 Infandum,
668 1546 782 1606 ruere,
796 1539 830 1590 et
841 1545 964 1614 magno
976 1521 1102 1592 bellare
1113 1531 1244 1620 parenti
1259 1599 1262 1604 ,

453 1636 624 1729 Adspiciat
636 1661 642 1701 :
656 1657 762 1725 genus
775 1633 854 1702 huic
866 1659 873 1698 :
887 1633 947 1701 sed
959 1637 1057 1703 mitto
1069 1661 1267 1728 agnoscere,
1281 1640 1417 1735 quando

453 1757 507 1818 Tu
519 1749 651 1816 diversa
664 1748 757 1814 foves
770 1773 777 1811 :
792 1771 854 1814 nec
867 1749 894 1814 si
907 1749 1019 1840 ipsum
1031 1751 1185 1817 cominus
1198 1751 1338 1844 Hyllum

451 1861 586 1953 Tydeos
598 1858 694 1925 hasta
706 1859 772 1938 tui,
785 1859 967 1952 Stygioque
979 1875 1018 1927 ex
1032 1860 1113 1927 orbe
1125 1863 1305 1930 remissum

452 1971 697 2064 Amphitryona
709 1983 801 2061 petat
812 1995 819 2034 :
832 1983 949 2053 teneo,
964 1955 1196 2068 aeternumque
1209 1976 1330 2043 tenebo
1403 1991 1455 2044 510

404 2197 462 2263 XV,
480 2195 533 2248 686
551 2207 577 2246 et
596 2212 669 2266 seqq.
692 2195 781 2246 “Tum
800 2212 908 2266 quoque
953 2215 984 2248 ac
996 2196 1112 2250 consiliis
1124 2199 1252 2251 llorculis.
1263 2229 1298 2238 -
1309 2201 1395 2274 Reyia.
1409 2203 1456 2253 Ju-

404 2276 558 2330 transfixum
576 2275 629 2327 telo
644 2294 693 2346 per
708 2274 842 2340 membra,
861 2295 909 2347 per
952 2281 1030 2330 nonis
1042 2279 1189 2351 epitheton.

405 2375 517 2409 arma...
532 2373 629 2426 magno
644 2353 760 2406 clamore
774 2354 908 2406 Sabellum
990 2357 1050 2412 505.
1072 2359 1152 2414 Citius
1163 2379 1205 2413 me
1212 2359 1336 2432 fulmina
1349 2373 1455 2428 curura,

404 2435 583 2509 Absportabat
602 2452 716 2486 ovans.»
738 2433 779 2485 Ad
796 2451 875 2505 quem
889 2434 907 2486 l.
952 2437 1114 2509 Infandum,
1129 2459 1210 2492 ruere.
1226 2441 1315 2492 Minus
1332 2461 1362 2493 ex
1379 2441 1457 2494 deco·

401 2518 456 2569 vid.
473 2529 528 2569 not.
545 2528 615 2567 uost.
634 2514 696 2565 edit.
713 2527 777 2566 tom.
794 2515 831 2580 11,
846 2533 906 2586 pag.
955 2537 985 2568 ro
999 2517 1068 2588 haec,
1080 2518 1128 2572 sed
1139 2520 1194 2572 brec
1208 2521 1365 2574 luxuriantis
1378 2541 1408 2574 ac
1421 2523 1455 2575 la-

406 2615 466 2668 ²7²·
485 2600 532 2650 En.
652 2612 655 2620 ’
954 2597 1086 2650 stirientis
1111 2598 1198 2650 saculi
1223 2597 1337 2652 lieentia.
1362 2603 1456 2671 Pejorn

439 2676 500 2744 498.
511 2674 638 2726 Ismenius
648 2673 769 2725 Hermon.
783 2673 910 2725 [amenius
953 2676 1076 2729 Lucanus
1084 2690 1110 2729 et
1120 2682 1203 2746 magis
1211 2679 1291 2749 impia
1299 2681 1325 2730 in
1336 2681 1456 2732 oratione

405 2757 477 2808 heros
490 2753 557 2804 Dan.
576 2753 698 2803 Heinsius
718 2748 752 2802 ad
767 2750 906 2802 Claudian.
953 2755 1042 2807 militis
1055 2755 1088 2808 ad
1100 2757 1227 2810 Caesarem
1239 2757 1328 2810 Phars.
1343 2762 1366 2826 l,
1377 2761 1438 2831 359.

403 2831 610 2907 Epignlllll'll,
626 2846 666 2881 to.
676 2830 802 2882 tenentur
813 2829 908 2882 liemon
989 2835 1050 2890 506.
1066 2837 1222 2908 Infandum.
1236 2838 1377 2910 Infantum
1388 2859 1456 2894 unus

404 2933 473 2968 unus
487 2911 579 2965 Behot.
594 2911 721 2963 Iunonius
735 2911 832 2962 AEmou
847 2908 907 2961 edd.
953 2915 1037 2968 codex
1054 2915 1159 2968 Barthii.
1176 2948 1212 2959 —
1226 2919 1326 2993 Mapuo
1342 2923 1456 2992 parenti.

403 3007 465 3046 vett.
485 3021 521 3032 -
537 2994 602 3062 neg.
623 2995 657 3057 B,
676 2991 805 3044 ismenias
823 2989 908 3042 Hemo
953 2996 1020 3046 Jovi.
1033 2995 1071 3047 Ex
1082 2997 1148 3047 Jove
1164 2999 1234 3048 enim
1249 3012 1340 3050 natum
1356 3001 1457 3052 Hercu-

403 3074 500 3134 habet;
520 3075 584 3140 Ray.
603 3069 625 3122 C
642 3084 712 3122 nost.
731 3067 793 3122 leot.
813 3071 860 3121 En.
872 3098 909 3108 -
953 3073 1004 3126 lem
1018 3073 1147 3146 putabant
1162 3077 1279 3129 Veteres.

404 3155 541 3208 lsmeuius.
551 3149 710 3214 Thebanus,
723 3163 753 3202 ut
765 3151 859 3220 saepius
869 3147 909 3200 di·
990 3151 1050 3221 507.
1064 3153 1150 3204 Genus
1158 3151 1227 3206 huic.
1236 3153 1265 3206 ld
1273 3169 1321 3220 cst‚·
1329 3159 1457 3225 Haemoni,

405 3236 499 3286 ximus.
952 3230 1118 3283 Tlrebanum.
1128 3231 1195 3284 Nam
1206 3246 1232 3284 et
1241 3234 1384 3287 Thebanus
1392 3237 1458 3288 Her·

440 3310 501 3380 499.
521 3307 669 3360 Inachidas.
682 3307 801 3376 Argivos.
953 3308 1035 3361 cules.
1043 3307 1138 3362 -Sed
1145 3311 1220 3363 mitto
1231 3331 1375 3386 aquescere.
1388 3313 1457 3367 Sub·

360 3379 362 3382 ’
442 3389 503 3443 500.
515 3386 770 3459 Amphitryoniades.
782 3386 909 3439 Hercules
955 3387 1044 3456 audis,
1055 3408 1139 3460 genus
1151 3389 1212 3441 huic
1222 3409 1346 3463 magnum
1357 3393 1459 3448 nobile-

406 3468 731 3542 abAmphitryonepatre.
741 3468 772 3517 V.
781 3479 837 3518 not.
846 3466 907 3520 506.
954 3487 1013 3540 que.
1025 3469 1077 3522 Sed
1093 3471 1262 3542 aposiopesin
1278 3473 1349 3524 fecit.
1366 3476 1457 3545 Virgil.

359 3540 365 3548 ⁵
443 3551 503 3604 503,
523 3547 589 3600 Fida
602 3563 680 3612 soror.
702 3547 824 3598 Nouerca
838 3549 908 3599 enim
953 3547 1056 3600 AEneid.
1068 3550 1095 3616 l,
1110 3549 1174 3602 1352
1193 3551 1288 3618 «Quos
1300 3570 1395 3622 egomt
1409 3555 1458 3606 sed

406 3632 491 3683 sorori
512 3627 567 3680 vult
588 3625 730 3679 Herculem
751 3644 907 3698 repugnare.
954 3629 1454 3700 motospraestatcomponerefluctus.2·

403 3713 530 3762 ltacrrrr.
541 3737 573 3749 -
590 3704 661 3757 Belli
673 3703 794 3776 caligine.
813 3702 910 3778 Calipi·
989 3707 1049 3760 508.
1068 3705 1189 3777 Hyllum.
1202 3706 1293 3778 Hyllus
1309 3707 1376 3761 lilius
1389 3713 1458 3764 Her-

405 3808 465 3842 uem
484 3786 546 3840 belli
563 3799 643 3838 vocat
659 3783 731 3836 hunc
749 3783 908 3850 tumultum,
954 3787 1020 3840 culis
1034 3789 1193 3856 eDejanira.

406 3888 461 3942 quo
474 3867 538 3938 quid
550 3863 683 3937 agendum
698 3867 792 3937 cuique
804 3868 838 3916 sit
850 3859 923 3916 om-'
989 3865 1051 3918 510.
1071 3865 1174 3934 Teueo,
1193 3877 1367 3940 eternumque
1386 3881 1456 3923 teue-

404 3949 446 4000 nis
458 3949 580 4018 ignorat,
595 3963 644 3995 nee
657 3946 769 3995 amicum
785 3943 818 3994 ab
832 3943 908 3995 hoste
953 3947 992 3997 bo.
1015 3943 1138 4010 Scilicet,
1161 3949 1271 3998 memori
1291 3963 1387 4001 mente.
1413 3949 1455 4003 Sic

405 4027 561 4098 dignoscere
572 4034 668 4095 potest.
954 4023 1114 4076 Claudianus
1124 4024 1210 4088 xxtt,
1221 4023 1254 4076 de
1264 4023 1398 4078 Laudibus
1408 4027 1457 4079 Sti-

441 4107 586 4174 504Num
597 4101 907 4178 repiuJuuoHocmolr'tu
953 4101 1014 4154 lich.
1036 4103 1082 4155 lih.
1104 4104 1144 4169 11,
1163 4104 1211 4170 42:
1235 4103 1395 4158 “benefacta
1414 4120 1455 4158 te-

406 4188 488 4260 uefas.
496 4186 565 4256 Quia
574 4203 678 4256 semper
686 4181 807 4236 obstabat
817 4183 905 4253 gloria¹
951 4203 1022 4236 nere.
1034 4207 1044 4230 s
1066 4185 1111 4234 En.
