3284 5162
613 615 755 678 LIBER
779 615 841 680 Xl.
1124 698 1128 708 1
1185 619 1250 704 373

296 742 446 806 Dixerat:
460 755 512 807 est
522 737 571 806 illi
580 739 675 830 niger
684 741 769 830 ignis
782 742 817 806 in
830 763 888 807 ora
898 761 1073 834 genasque

250 849 633 942 Prosiluit,raptumque
643 851 749 916 comis
758 847 912 916 diadema
922 853 1091 918 cremavit.

248 964 346 1028 Tunc
357 958 448 1028 ferus
459 976 537 1026 ante
549 961 652 1026 ictum
664 960 793 1051 spumis
806 957 947 1026 delubra
959 975 1112 1028 cruentat

248 1076 396 1154 TaumS,
410 1087 444 1138 et
453 1071 647 1138 obstantum
658 1069 777 1137 mediis
790 1094 809 1137 e
821 1069 965 1138 coetibus
977 1072 1044 1138 exi-t

248 1181 566 1266 Turbidus‚insano
578 1181 701 1249 feriens
713 1181 830 1248 altaria
842 1205 959 1249 cornu.
1198 1193 1250 1246 230

247 1293 434 1385 Diffugiunt
444 1291 576 1372 famuli,
589 1308 623 1359 et
633 1315 747 1382 regem
759 1289 886 1359 solatur
899 1291 1079 1384 haruspex.

248 1407 324 1496 lpse
335 1405 513 1471 instaurari
525 1425 658 1470 sacrum
669 1400 878 1484 malefortis,
891 1405 1011 1496 agique

247 1519 409 1607 imperat,
423 1532 456 1583 et
466 1537 606 1608 magnos
620 1515 698 1583 ficto
711 1517 834 1606 premit
844 1539 903 1582 ore
915 1517 1061 1581 timores.

245 1625 359 1712 Qualis
372 1627 431 1694 ubi
442 1625 641 1721 implicitum
652 1623 850 1720 Tirynthius
863 1624 994 1694 ossibus
1007 1629 1124 1716 ignem

198 1848 295 1899 moenia
307 1867 388 1903 serva.
403 1851 432 1902 ln
447 1849 542 1903 eotlesn
553 1853 612 1903 Put.
625 1849 702 1904 eodi-
746 1853 812 1903 turia
822 1869 913 1902 cornu.
924 1852 992 1902 Den.
1003 1853 1060 1903 eut.
1071 1862 1097 1901 et
1107 1850 1193 1902 Peter.
1205 1849 1247 1901 in-

197 1944 246 1977 ee:
265 1927 318 1980 lroec
330 1930 426 1982 moenia
440 1948 531 1983 servas.
549 1959 585 1970 -
603 1931 665 2000 qu.
681 1932 701 1981 B
744 1947 857 2000 sanoque
870 1929 969 2000 serem.
987 1959 1023 1970 -
1042 1931 1106 1998 neg.
1128 1931 1148 1980 B
1166 1927 1248 1980 habet

197 2003 293 2076 habet,
309 2009 365 2061 illie
380 2010 433 2061 lsoee
451 2011 547 2061 moenia
565 2029 659 2075 seruas,
675 2023 700 2061 et
744 2007 813 2060 hene
826 2009 886 2062 lect.
902 2011 966 2080 fleg.
978 2010 999 2060 C
1012 2023 1139 2061 nostram.
1153 2010 1201 2061 Eo.

199 2105 279 2160 supra
292 2103 456 2157 correctum,
470 2090 537 2152 illes,-
549 2093 612 2163 Reg.
623 2091 644 2142 C
656 2109 701 2143 no·
781 2089 841 2140 232.
856 2090 914 2160 lpse
927 2091 1067 2142 instaurari
1075 2107 1176 2142 mentm
1189 2109 1246 2140 mu-

198 2179 277 2220 stram
294 2168 354 2221 leet.
374 2171 420 2221 En.
743 2166 768 2219 le
780 2169 869 2238 fortis.
889 2169 952 2219 Erat
971 2169 1041 2220 enirn
1062 2170 1157 2232 moris,
1177 2180 1206 2218 ut
1224 2169 1246 2217 si

234 2246 292 2298 226.
312 2248 346 2298 D.
360 2268 385 2298 α.
400 2248 416 2298 ἰ.
434 2267 459 2300 n.
473 2250 490 2300 i.
507 2249 534 2300 in
548 2267 593 2302 ora
605 2263 699 2324 penas·-
743 2251 827 2319 prima
851 2249 977 2300 sacrilieia
1002 2249 1108 2300 minime
1130 2247 1245 2300 fuissent

195 2343 256 2396 qne.
269 2325 371 2378 Behott.
387 2344 410 2391 1,
424 2344 452 2392 a,
467 2328 493 2378 in
506 2345 563 2388 ore,·
576 2329 623 2381 sesl
637 2348 698 2382 eor·
743 2327 895 2379 numinibus
903 2340 1023 2398 accepta,
1031 2344 1245 2396 aruspexseeun-

195 2417 298 2456 rectum
309 2406 338 2457 in
345 2423 398 2459 ora.
406 2435 442 2448 ·-
450 2406 546 2460 Astills'
554 2409 635 2480 niper,
647 2423 697 2461 etc.
743 2405 775 2457 da
787 2406 913 2458 saerilieia
922 2419 1069 2476 repararet,
1080 2405 1166 2457 donec
1177 2403 1245 2456 vide·

194 2483 256 2534 flaec
270 2487 433 2537 omniamali
449 2488 636 2538 ominiseranr.
742 2497 835 2538 rentur
855 2503 912 2538 esse
936 2499 1068 2556 suscepte.
1091 2514 1124 2524 -
1144 2483 1246 2557 Apique

232 2564 291 2615 228.
308 2566 383 2618 Tune
390 2567 465 2636 fents
476 2578 537 2618 ante
548 2567 628 2618 lemm-
638 2587 698 2639 epu-
741 2567 865 2635 Imperet.
874 2565 928 2637 Api
939 2566 965 2616 in
978 2564 1058 2616 saeris
1071 2560 1179 2613 verbum
1193 2563 1244 2611 usi-

194 2642 245 2694 mis
253 2642 358 2695 delubra
368 2655 487 2696 cruentat
497 2637 608 2710 Taunus,
619 2657 645 2697 et
654 2647 697 2697 ob·
741 2656 840 2708 tatum,
853 2643 901 2694 loc
910 2662 958 2715 ape
969 2641 1039 2714 quod
1047 2640 1112 2715 epis.

192 2731 307 2772 stantum
322 2722 411 2774 mediis
422 2741 436 2773 e
447 2723 550 2774 eoetilms
561 2727 614 2774 exit
627 2724 695 2775 Tur·
776 2724 838 2775 333.
857 2718 1038 2794 Mopnosficto
1050 2719 1144 2790 premit
1155 2737 1198 2772 ore
1212 2721 1243 2770 ti·

194 2800 282 2866 bidus‚
294 2801 384 2853 insano
391 2802 491 2871 seriens
500 2800 594 2854 alteria
605 2822 695 2856 cornu.
740 2820 830 2855 mores.
839 2802 967 2852 nemore.
976 2801 1085 2852 Sensum
1094 2797 1242 2849 rordisnon

192 2878 285 2929 Dirum
301 2897 378 2930 omen
393 2879 445 2930 hoc
458 2883 567 2931 Veteres
580 2899 636 2931 esse
651 2899 695 2932 ar·
740 2885 912 2953 exprimente.
922 2911 959 2922 -
969 2882 1077 2932 Premit.
1092 2881 1164 2948 Virg.
1181 2880 1239 2930 AEn.

192 2957 370 3025 tristabantur,
385 2961 405 3010 si
423 2961 527 3012 victima
544 2973 606 3012 ante
623 2978 696 3013 rece-
740 2963 764 3028 1,
776 2981 841 3031 209:
856 2963 954 3033 eSpenr
964 2959 1168 3024 vultusimulat‚
1183 2977 1256 3030 pre„

190 3049 268 3108 ptum
276 3039 357 3090 ictum
364 3040 481 3110 fugeret,
490 3041 510 3090 si
518 3041 604 3110 ipsum
613 3042 694 3091 ictum
740 3044 787 3094 mit
797 3044 878 3094 altum
892 3041 972 3095 corde
982 3039 1110 3092 dolorem.
1121 3062 1138 3086 s·

192 3118 282 3188 quiete
299 3137 353 3170 non
371 3121 514 3190 reciperet,
532 3121 553 3171 si
570 3119 694 3172 cornibus
776 3125 836 3190 234.
858 3121 947 3192 Qualis
960 3122 1004 3172 ubi
1019 3119 1177 3191 implicitum
1193 3119 1241 3170 Ti-

191 3213 266 3247 ararn
282 3197 378 3249 feriret.
396 3199 463 3250 Hine
477 3216 491 3249 a
506 3200 614 3249 Lucano
626 3199 695 3250 inter
740 3202 859 3274 ryntlr'us
871 3201 963 3254 ossibus
974 3201 1076 3272 ignens}
1087 3210 1136 3250 ete.
1148 3201 1177 3249 ln
1189 3196 1240 3250 hae

189 3273 694 3346 prodigial'lrarsalicaecladislrooquo·
739 3281 939 3350 comparatione
969 3279 1095 3348 Papinius
1124 3277 1241 3328 imitatur

192 3355 382 3426 prepositum,
392 3355 453 3419 Vll,
467 3355 527 3408 165:
541 3353 692 3406 «Admotus
737 3359 877 3422 Ovidium,
892 3359 937 3429 qui
955 3359 1018 3409 Met.
1034 3357 1083 3421 tx,
1097 3355 1130 3408 sle
1144 3354 1239 3407 eadem

190 3436 298 3505 Superis
309 3435 426 3487 discussa
440 3437 507 3506 fugit
520 3435 554 3486 ab
566 3452 610 3484 ara
621 3435 692 3485 Tau·
736 3437 848 3490 Hercule
864 3440 900 3488 ait
913 3457 937 3487 v.
959 3437 1006 3489 158
1026 3450 1052 3488 et
1072 3455 1130 3508 sqq.
1147 3437 1241 3506 scapis

190 3531 267 3566 rus·
288 3515 374 3566 Livius
394 3533 501 3586 quoque
521 3515 571 3577 ait,
591 3514 691 3564 facturn
736 3519 834 3570 inscius
848 3515 940 3588 heros,
955 3517 1127 3587 induiturque
1143 3515 1240 3567 hume-

190 3612 248 3646 esse
263 3613 341 3648 omen
355 3595 436 3647 cledis
454 3596 549 3646 lutus-re
563 3593 691 3644 Flaminio
736 3599 771 3648 ris
785 3597 896 3650 Lernen
911 3598 981 3648 virus
1000 3595 1130 3649 Echidna.
1148 3594 1237 3647 Thura

189 3671 313 3738 consuli,
337 3691 391 3743 quo
414 3672 568 3724 immolante
590 3668 688 3724 vitulas
735 3673 817 3727 debat
838 3677 929 3744 primis
954 3689 980 3728 ee
1001 3675 1083 3726 verba
1100 3675 1236 3745 precantia

190 3750 408 3802 ictusemenibus
419 3751 622 3804 sacrificantium
632 3768 690 3802 sese
735 3754 860 3817 flammis,
873 3756 994 3824 Vinaque
1009 3769 1169 3806 marmoreas
1186 3770 1237 3822 pa-

188 3830 691 3900 proripnit‚multosquecircumstantes
735 3848 792 3886 tera
807 3832 935 3885 fundebat
947 3835 975 3884 in
993 3851 1059 3884 aras.
1072 3830 1182 3884 Incaluit
1199 3832 1237 3884 ris

188 3923 283 3958 cruore
297 3909 429 3980 respersit.
448 3906 573 3980 Exempla
592 3910 689 3979 passim
735 3911 777 3964 illa
790 3911 864 3974 mali,
875 3910 1045 3982 resolutaque
1055 3911 1237 3962 llemmisiler·

187 3984 265 4036 obvia
277 3986 348 4057 apud
356 4001 449 4058 poetas
458 4002 484 4040 et
494 3990 642 4058 scriptores.
657 4019 690 4030 -
736 3990 826 4042 culeos
841 3988 906 4042 abiit
917 3989 969 4042 lete
982 3990 1080 4042 diffusa
1096 4007 1143 4059 per
1154 4001 1235 4040 ortus.

187 4065 287 4117 Confer
302 4067 346 4118 Sil.
364 4067 421 4119 Ital.
440 4071 530 4120 Punic.
545 4068 619 4135 XVl,
638 4069 687 4121 262
734 4071 805 4124 Dum
821 4071 925 4140 potuit,
943 4068 1020 4120 solita
1038 4069 1164 4138 gemitum
1182 4068 1235 4117 vir-

187 4155 214 4194 et
222 4161 278 4216 sqq.
287 4159 312 4196 et
324 4143 360 4196 ihi
370 4159 538 4200 notatanost.
552 4146 615 4198 edit.
623 4160 687 4199 tom.
734 4160 789 4200 tute
795 4146 1086 4217 repressitNictamalis
1093 4157 1234 4215 postquam

184 4223 225 4290 ll,
235 4242 263 4294 p.
279 4225 337 4290 eol.
357 4227 404 4276 En.
734 4229 919 4298 empuricnsis,
929 4226 1045 4299 reppulit
1053 4243 1124 4284 aram
1135 4222 1232 4294 lmple·

224 4304 284 4356 230.
294 4303 435 4370 Turbidus,
446 4304 643 4376 inmnoferiene
651 4304 689 4357 ai·
732 4301 821 4377 vitque
829 4308 881 4358 suis
889 4322 1057 4356 nemorosum
1064 4299 1233 4352 voeibusOE·
