3264 5166
581 505 720 570 LIBER
746 503 806 572 tx.
1147 505 1213 572 223

219 631 407 723 Praecipuos
419 628 478 700 eod
490 631 580 698 enim
593 627 650 698 illa
662 644 773 700 metue
784 628 986 722 portendere
997 633 1067 698 visa

218 743 292 806 Nox
302 743 447 824 miserto,
459 756 597 834 totoque
608 743 714 810 erexit
724 757 860 833 pectore
872 755 1025 812 matrem.

265 855 348 918 Nota
361 875 422 946 per
431 851 589 920 erudias
600 851 687 920 felici
700 851 820 920 robore
831 851 932 920 silvas
1162 867 1215 920 585

216 963 368 1046 Quercus
380 979 465 1045 erat,
477 965 600 1036 Triviae
611 987 714 1057 quam
726 962 959 1032 desacraverat
970 965 1043 1054 ipsa

217 1069 365 1140 Electum
377 1075 476 1142 turba
486 1099 681 1158 nemorum,
694 1097 889 1168 numenque
900 1073 1041 1144 colendo

217 1187 371 1252 Fecerat:
385 1183 441 1254 hio
451 1211 564 1265 mus,
576 1204 611 1256 et
622 1187 710 1256 fessa
722 1211 884 1280 reponere
895 1187 979 1269 tela,

217 1297 385 1390 Armaque
396 1320 497 1366 curva
511 1321 629 1378 enum,
642 1315 676 1366 et
687 1321 872 1368 vacuorum
882 1315 975 1390 terga
985 1296 1122 1366 leonum

170 1493 364 1550 Hoeeomnium
372 1498 547 1570 portendebat
556 1511 668 1553 mortem
713 1501 827 1572 antiquis
839 1499 977 1553 Germanis
986 1517 1043 1570 eap.
1057 1515 1089 1569 9:
1105 1499 1213 1552 «Lucos

170 1571 363 1647 Parthenopaei,
374 1578 668 1647 quiaeratmatrisimil-
713 1597 744 1631 ae
760 1596 871 1630 nemora
889 1592 1061 1642 consecrent,
1079 1578 1212 1629 Deorum-

170 1647 262 1719 limus,
277 1667 307 1706 nt
318 1655 430 1709 vidimus
442 1656 526 1710 Theb.
543 1659 587 1724 IV,
599 1657 667 1722 336,
712 1675 764 1730 que
782 1656 936 1710 nominibus
952 1656 1116 1728 appellent.»
1132 1655 1165 1706 Et
1178 1655 1213 1706 de

169 1727 233 1782 dieit
246 1733 316 1783 enim
327 1732 531 1786 Atalanteiilio:
547 1735 668 1788 troitus·
712 1736 794 1790 Gallis
815 1737 951 1808 speciatim
970 1736 1101 1788 Maximus
1119 1737 1213 1806 Tyrios

169 1826 220 1880 que
231 1809 356 1864 recedant
368 1831 414 1866 ore
426 1815 486 1866 mei.
498 1838 509 1861 ι
713 1817 765 1880 eit,
779 1815 866 1870 Celtas
881 1813 1010 1870 excelsam
1025 1831 1152 1886 quercum
1166 1831 1213 1865 oo-

203 1885 264 1940 583.
273 1890 305 1940 P.
311 1909 330 1943 s.
341 1909 362 1942 e.
374 1893 392 1943 i.
403 1909 437 1942 m.
448 1893 598 1962 portendere
605 1893 666 1948 visa.
712 1891 791 1948 luisse
801 1905 828 1948 et
836 1896 909 1946 Iovis
919 1895 1026 1949 nomine
1035 1892 1192 1964 appellasse.

167 1965 249 2038 hang.
268 1967 366 2024 Burlid.
387 1972 501 2042 lipsien.
522 1973 590 2026 Dan.
608 1973 666 2026 Pur.
748 1973 809 2043 587.
830 1970 948 2034 Electum
968 1973 1042 2027 iota
1059 1990 1212 2038 nunonem,

168 2046 255 2098 Peter.
271 2061 297 2100 et
306 2049 367 2102 edd.
380 2062 441 2102 vett.
452 2049 604 2122 portendere
615 2051 667 2104 vita
712 2071 860 2125 numenque
869 2051 985 2106 colendo.
996 2053 1112 2124 Ejectum
1122 2053 1211 2104 Peter.

167 2137 217 2188 εκ,-
231 2128 259 2180 'ro'
274 2142 312 2184 eet
323 2149 378 2185 non
392 2131 505 2186 liabetur
518 2135 545 2184 in
561 2130 665 2186 Behott.
710 2133 790 2203 Lang.
802 2130 900 2188 Buelid·
912 2133 1027 2204 Lipsien.
1041 2145 1068 2182 et
1077 2129 1136 2184 edd.
1148 2143 1210 2184 vett.

167 2235 203 2246 -
213 2207 278 2278 neg,
293 2208 404 2264 Bhabet
415 2210 485 2262 hauc
497 2209 556 2262 lect.
569 2210 667 2280 Repc
710 2211 829 2264 Electum
843 2209 946 2265 Behott.
965 2226 987 2276 1,
1007 2227 1038 2276 2,
1057 2211 1124 2262 Dan.
1140 2211 1210 2262 Patr.

167 2301 294 2342 nostram.
312 2291 359 2342 En.
377 2318 411 2330 ·-
429 2289 582 2360 Proeeipnoe.
604 2291 667 2343 Post
711 2303 737 2342 et
750 2292 812 2342 lixo.
830 2287 940 2341 cantab.
959 2307 1105 2360 numenque
1121 2287 1211 2342 colen·

167 2363 230 2418 alias
237 2381 331 2422 noctes
340 2367 395 2420 lrreo
404 2370 512 2422 somniis
521 2369 666 2440 graviorvi·
709 2370 770 2424 dum
782 2371 862 2440 lang.
877 2371 945 2424 Deo.
960 2369 1077 2440 Lipsiao.
1090 2373 1148 2421 Pnt.
1162 2370 1208 2420 Pe·

167 2443 289 2502 debetur.
307 2447 434 2504 hortor.
709 2463 761 2502 ter.
779 2463 806 2502 et
819 2447 880 2502 edd.
895 2461 957 2502 vett.
972 2447 1081 2502 colendo
1093 2450 1208 2502 Petrens.

201 2523 263 2590 584
277 2526 339 2578 Nox
350 2525 460 2592 misera,
474 2535 576 2596 totoque
586 2524 667 2580 erexit
710 2527 819 2583 Genteb.
831 2527 969 2580 etBelrott.
984 2545 1006 2594 r,
1018 2528 1210 2581 n.—Numen·

164 2611 266 2672 pectore
275 2615 393 2657 matrem.
407 2607 458 2658 ·1n
467 2605 568 2675 optimo
579 2621 665 2660 exent-
709 2625 758 2678 que
771 2606 879 2660 colendo
895 2607 1010 2659 Fecerat.
1029 2608 1089 2678 Ipsa
1107 2608 1131 2658 ei
1150 2604 1211 2658 reli·

166 2677 233 2750 1³¹¹ri
245 2695 302 2734 0⁸1³
317 2692 419 2754 lotoque
433 2684 663 2757 exeqitpeetore.·
709 2687 815 2756 sionem
828 2684 966 2740 eddiderat
977 2685 1051 2738 cultu
1063 2703 1121 2740 sno.
1139 2684 1210 2736 Mer·
1317 2705 1319 2712 v

165 2759 261 2812 Bura.
280 2773 383 2834 totoque
400 2765 480 2816 nexit
493 2781 598 2834 corpore
614 2764 665 2818 Be·
710 2763 777 2818 tielis
794 2765 925 2836 interpres
944 2765 1059 2835 optimus
1075 2762 1120 2816 lib.
1135 2765 1210 2827 VIII,

164 2835 665 2912 hott-Noxmireroe.1nquevidet
709 2843 797 2913 Epist.
819 2841 869 2908 ad,
888 2841 904 2896 5
922 2854 949 2895 et
965 2860 1021 2912 seq·
1043 2842 1118 2908 ‘Qui
1135 2841 1210 2910 fingit

165 2921 311 2986 somnium,
324 2919 396 2991 qnod
404 2935 484 2994 poeta
493 2922 665 2993 sequentibus
709 2939 798 2974 saeros
816 2938 881 2973 earo
900 2919 940 2972 vel
959 2937 1091 2972 memore
1105 2917 1209 2984 vuitus,

164 2997 285 3052 versibus
298 3007 399 3054 narrat.
709 3000 769 3051 Nou
781 2998 846 3051 feeit
855 2997 899 3050 ille
908 2999 994 3050 Deos:
1008 2998 1053 3068 qui
1064 3008 1153 3066 rogat,
1166 2993 1210 3048 ille

200 3077 261 3132 585.
276 3079 358 3132 Felici
369 3081 463 3134 robore.
474 3081 612 3134 Frttotiieri
623 3099 665 3132 ro·
710 3078 807 3130 tacit·
1258 3075 1261 3084 '

164 3153 245 3210 boris.
260 3159 398 3212 Enarratio
412 3159 509 3210 somnIi
524 3161 610 3212 noetis
622 3158 664 3212 ul-
745 3157 841 3212 588AE
851 3156 875 3208 h.
884 3176 908 3208 a.
917 3169 942 3210 et
944 3155 1014 3229 festa
1020 3174 1141 3226 repetem
1148 3153 1209 3208 tela.

165 3237 242 3292 tine.
261 3239 387 3292 Limina.
709 3239 801 3294 Behot.
814 3241 947 3310 imponere
959 3238 1019 3292 telo

198 3315 261 3372 586.
285 3318 388 3372 Trivia.
406 3319 505 3372 Diana.
524 3347 560 3358 -·
581 3318 663 3390 Quam
744 3317 804 3389 589-
823 3319 958 3389 Armaque
977 3334 1058 3368 curva
1073 3334 1165 3380 neunt,
1185 3326 1212 3366 et

164 3395 340 3454 mouerat
349 3397 413 3470 iota.
423 3398 611 3469 Antiquissima
617 3398 665 3448 Ve-
709 3415 848 3452 vacuontm
863 3409 933 3469 terqo
952 3395 1067 3448 leonum.
1082 3391 1209 3446 Nonnulli

163 3487 250 3531 terum
276 3478 443 3548 superstitio,
468 3495 520 3547 qua
543 3473 664 3530 solebant
710 3476 788 3530 codd.
801 3475 940 3548 salvorum
957 3487 1028 3549 terpo
1042 3472 1154 3527 bonum.
1169 3471 1210 3525 CI.

164 3573 321 3610 consecrare
330 3555 452 3620 arbores,
464 3555 549 3626 iisqne
558 3556 665 3608 nomina
710 3557 738 3622 I,
750 3555 818 3622 484,
829 3568 856 3607 et
867 3555 903 3607 vt
909 3593 919 3620 ,
935 3571 995 3624 719.
1006 3584 1042 3593 —
1054 3555 1119 3621 Reg.
1135 3552 1154 3601 Β
1165 3551 1210 3604 he-

163 3633 282 3690 Deortttn
298 3636 445 3707 iteponere.
464 3635 579 3698 Plinius,
599 3635 664 3688 flat.
709 3635 769 3700 bet,
778 3635 811 3685 A.
823 3652 844 3684 e.
855 3653 875 3686 s.
885 3645 911 3685 et
920 3651 1062 3686 vacuorum
1070 3642 1143 3686 torua
1153 3628 1210 3684 leo-

165 3713 225 3766 Ναί.
237 3715 300 3778 xn,
315 3733 375 3785 cap.
389 3732 419 3767 a:
438 3717 519 3768 :Haec
532 3713 604 3766 fuere
615 3731 665 3769 nu·
709 3732 772 3766 niort
778 3735 788 3775 ‚-
803 3715 866 3782 lieg.
882 3711 903 3766 C
914 3725 1032 3766 nostram
1043 3708 1103 3766 leot.
1119 3707 1165 3762 En.
1177 3737 1209 3746 -

165 3794 267 3846 minum
294 3788 414 3865 templa,
443 3795 586 3865 priscoque
613 3792 664 3843 ritu
709 3787 1212 3853 Annaeurvantumpeutenutvo-

164 3872 361 3945 tinaplieiernra
371 3874 528 3926 etiamnunc
537 3872 595 3922 Deo
605 3889 666 3942 prae-
709 3871 803 3942 gilins,
819 3870 918 3924 AEnaid.
935 3871 998 3934 XII,
1014 3869 1044 3922 5:
1063 3869 1153 3919 vrum
1163 3864 1211 3916 de-

164 3950 302 4006 eellente-
311 3951 431 4006 arborem
441 3950 544 4004 dicant:
555 3969 605 4004 nee
614 3967 665 4004 tna-
709 3969 783 4004 snum
794 3963 882 4003 moret
892 3967 964 4005 urae
975 3947 1026 4000 leo.
1038 3971 1049 3996 ιι
1061 3943 1160 4000 Gallice
1171 3945 1211 3996 de·

164 4032 280 4104 &tauro
292 4032 437 4103 inlpemie,
449 4044 528 4104 atque
540 4029 622 4086 ebore
631 4030 666 4084 si·
704 4031 800 4102 feneres.
819 4059 854 4072 »-
874 4029 1006 4102 Amoque
1027 4043 1107 4080 curuo
1125 4042 1208 4076 mum.

165 4109 298 4178 malaura,
312 4130 392 4183 quam
404 4111 495 4177 ineos,
509 4123 536 4164 et
546 4111 573 4162 in
584 4111 617 4162 iis
628 4110 666 4162 ei·
710 4111 789 4162 Arma
807 4119 869 4162 sunt
887 4106 979 4162 dentes
994 4104 1034 4161 rel
1052 4119 1152 4172 ungues
1168 4101 1210 4152 ie·

166 4188 245 4251 lentie
255 4195 314 4265 ipsa
325 4191 495 4246 adoramus·
512 4190 619 4243 Tacitus
633 4186 666 4240 de
709 4205 806 4240 rarum.
825 4187 872 4240 En.
