3284 5162
606 484 748 549 LIBER
771 485 833 552 xl.
1178 488 1242 554 383

246 618 306 681 Ast
317 613 362 682 ibi
374 615 432 681 vix'
441 634 530 680 unus
542 635 673 704 pugnas
684 610 857 680 dissuadet
867 611 1046 696 Adrastus,

246 730 311 791 Aut
323 724 464 792 fortasse
473 721 585 815 jubet:
599 737 637 792 tu
649 721 765 790 limina
776 725 864 790 avita
876 727 1032 820 Deosque

245 837 399 931 Linquis,
413 853 447 904 et
457 861 476 903 a
488 838 611 902 nostris
623 838 657 901 in
669 834 807 902 fratrem
819 833 1031 927 amplexibus
1044 840 1157 906 exis?-

291 954 333 1013 At
344 963 439 1038 parte
452 944 569 1013 exalia
581 949 698 1014 tacitos
710 944 863 1012 obstante
875 945 1026 1016 tumultu

244 1056 408 1145 Antigone
420 1055 530 1122 furata
542 1054 759 1146 gradus,nec
771 1071 862 1122 casta
874 1054 1021 1124 retardat
1189 1069 1242 1124 355

245 1166 440 1258 Virginitas,
452 1165 543 1234 volnt
554 1168 674 1258 Ogygii
687 1167 816 1259 fastigia
828 1169 916 1234 muri

243 1279 454 1370 Exsuperare
467 1279 599 1346 furens:
614 1282 726 1346 senior
737 1303 849 1348 eomes
862 1279 967 1348 haeret
978 1283 1071 1348 eunti

243 1393 354 1472 Actor,
368 1406 401 1457 et
411 1389 466 1456 hic
477 1414 625 1458 summas
637 1413 707 1458 non
719 1389 900 1460 duratums
912 1390 955 1458 ad
967 1415 1072 1460 arces.

243 1503 356 1594 thue
368 1502 487 1594 procul
499 1505 579 1570 visis
592 1501 744 1595 paullum
754 1502 918 1573 dubitavit
930 1507 965 1572 in
976 1507 1094 1590 ermis,

241 1600 611 1708 Agnovitque'(nefas!)
621 1611 743 1705 jaculis
755 1630 788 1681 et
799 1637 880 1681 voce
891 1613 1037 1706 superba
1187 1628 1241 1683 ³60

242 1723 344 1788 Tecta
358 1724 598 1805 incessentem,
611 1746 734 1814 magno
746 1725 841 1815 prius
853 1726 966 1790 omnia
978 1723 1116 1816 planctu

241 1831 380 1925 implet,
393 1849 426 1902 et
437 1857 456 1900 e
467 1837 573 1902 muris
586 1859 648 1902 ceu
661 1833 863 1906 descensura
875 1833 1048 1927 profatur:

291 1948 505 2039 oeComprime
514 1946 580 2014 tela
589 1946 941 2042 manu,paullumque
951 1947 1039 2016 hanc
1047 1944 1182 2040 adspice
1191 1949 1329 2030 turrim,

240 2059 372 2138 Frater,
384 2073 418 2124 et
430 2056 607 2126 horrentes
619 2059 709 2127 refer
720 2061 756 2126 in
767 2083 842 2126 mea
853 2057 981 2126 lumine
993 2060 1122 2127 cristus.

239 2171 444 2259 Agnoscisne
456 2170 593 2238 hostes?
607 2174 654 2238 sic
665 2193 779 2238 annua
790 2186 904 2262 pactu,
917 2169 1086 2264 fidemque
1185 2180 1239 2235 365

239 2281 435 2347 Posuimus?
446 2279 480 2348 hi
493 2286 656 2377 questus?
667 2281 740 2349 hoec
751 2299 803 2349 est
813 2280 902 2348 bonu
915 2304 1016 2348 ceusu
1027 2277 1170 2348 modesti

225 2517 286 2572 351.
301 2522 348 2573 Ast
359 2519 448 2573 ibicis
459 2540 525 2576 unns
533 2540 635 2594 pugnes
645 2521 693 2574 dis·
736 2519 829 2574 vocula
841 2519 929 2592 nefas.-
939 2517 1017 2572 bene..
1027 2518 1148 2570 s-Voce
1155 2533 1240 2587 supet·-

188 2599 280 2650 suadet
286 2598 424 2662 Adrastus,
435 2601 487 2654 Aut
493 2601 605 2672 fortasse
608 2601 690 2673 jubes.
736 2601 777 2654 ba.
787 2600 861 2666 Alta,
875 2599 959 2670 qualis
971 2611 1010 2652 est
1022 2595 1207 2669 superborum.

188 2676 256 2746 Ergo
277 2679 360 2749 magis
379 2682 497 2732 excusari
514 2680 593 2733 debet
610 2682 693 2733 irater
772 2681 832 2734 361.
858 2681 935 2733 Tecta
954 2681 1126 2734 incessentem.
1149 2677 1240 2728 nenas

188 2754 340 2826 Polynices,
350 2776 430 2830 qoam
441 2773 484 2826 tn,
494 2761 539 2832 qui
549 2762 629 2814 invita
639 2779 692 2812 me·
736 2757 807 2811 hunc
822 2777 943 2823 versum,
957 2770 983 2808 et
997 2757 1163 2808 incessantem
1177 2753 1239 2824 legit

187 2848 242 2902 tre,
255 2855 344 2890 sorore
354 2851 380 2889 et
390 2840 526 2906 omnibus,
539 2842 577 2893 tis
589 2857 691 2910 pugna·
734 2841 761 2892 iu
775 2841 828 2892 suis
844 2837 918 2890 libris
932 2835 1062 2909 Eutyches
1077 2835 1239 2887 Grammati-

186 2934 216 2966 re
226 2919 391 2970 cumfratre:
402 2918 578 2972 iraterautem
589 2919 623 2970 ab
634 2938 690 2970 om·
734 2938 781 2971 cus
789 2919 835 2970 lib.
845 2921 877 2984 ll,
887 2935 939 2987 quo
950 2929 1036 2968 temen
1045 2932 1113 2984 opus
1123 2931 1177 2965 non
1188 2925 1238 2977 est,

186 2994 267 3048 nibus
275 2997 432 3063 incitatur,a
443 2999 546 3050 nemine
554 2999 688 3050 retinetur.
733 2998 794 3051 licet
806 3001 843 3050 ita
854 2997 969 3050 habeant
982 2994 1037 3047 dno
1052 2993 1130 3044 etiam
1144 2994 1238 3064 optimi

185 3075 336 3130 —Fortasse
337 3077 420 3151 jubet.
431 3078 560 3130 honeste
570 3078 626 3129 vult
636 3097 690 3130 ma·
733 3077 839 3133 codices
856 3078 948 3131 nostri.
960 3075 1098 3126 --Tecn
1112 3074 1238 3126 incessen-

185 3167 227 3205 ter
244 3155 340 3208 lilium:
363 3156 418 3209 vult
438 3157 580 3228 impulsum
599 3158 689 3229 potius
716 3147 793 3211 ἀγυι.
813 3158 930 3208 Fratrem
948 3154 1238 3226 Polynieem.-lnve·

186 3251 265 3303 quam
280 3247 374 3304 sponte
392 3234 426 3287 ad
438 3254 509 3288 ormo
525 3237 687 3307 prosiluisse.
733 3238 849 3302 dentem,
861 3237 1021 3310 pulsantem,
1031 3247 1077 3286 aut
1088 3235 1236 3288 ferientem.

224 3313 282 3380 154.
308 3315 429 3366 Obstante
446 3314 568 3368 tumultu.
585 3315 614 3368 ld
630 3329 686 3382 est,
731 3318 857 3372 becrens.

183 3396 293 3465 strepitu
310 3395 431 3448 obstante
446 3416 479 3448 nc
494 3397 629 3450 audiretur
641 3412 687 3451 aut
767 3399 827 3453 362.
847 3396 960 3468 Implet,
975 3407 1000 3450 et
1012 3414 1027 3446 e
1039 3394 1120 3446 muns
1133 3413 1179 3446 ceu
1193 3394 1236 3448 de·

182 3475 324 3526 sentiretur
335 3478 419 3529 exitus
431 3478 495 3546 ejus.
729 3497 846 3532 mensura
853 3477 981 3549 profatur.
993 3474 1056 3544 Reg.
1066 3475 1094 3538 R,
1101 3472 1200 3544 Implet
1211 3485 1236 3526 et

219 3551 279 3604 356.
299 3555 401 3627 quqlt'-
414 3553 542 3606 Thebani.
729 3575 761 3608 ex
773 3559 854 3609 muris
865 3575 911 3608 eeu
919 3555 1061 3607 discensum
1067 3552 1179 3623 profatis
1191 3552 1236 3606 he·

218 3633 279 3685 358.
306 3635 391 3686 Actor.
416 3635 511 3686 Custos
532 3635 684 3704 Antigones.
729 3631 1099 3704 bet,RegCnottramleet.

181 3710 249 3762 Vide
259 3711 343 3766 Theb,
355 3715 416 3779 vn,
429 3712 479 3778 245
492 3725 518 3763 et
532 3713 568 3765 ibi
581 3726 684 3773 notata,
765 3715 826 3768 363.
840 3713 986 3786 Comprime
1000 3710 1051 3762 teia
1066 3729 1146 3762 manu
1154 3710 1234 3783 paui·

181 3789 361 3858 hujuscetom.
370 3811 430 3863 pag.
439 3811 479 3862 ²9·
487 3793 685 3845 En.—-Nondu-
730 3794 836 3868 lumque
844 3792 1017 3862 huncadspiee
1023 3791 1122 3843 turrim.
1129 3789 1232 3844 Behott.

179 3883 288 3925 ratums.
304 3873 345 3925 Ob
357 3878 459 3926 senium
474 3893 528 3926 nou
540 3886 683 3946 perventu·
733 3890 759 3939 r,
775 3891 803 3939 n,
813 3871 982 3942 hancrespice
992 3883 1096 3922 turrem.
1107 3871 1231 3940 -Regg

180 3969 225 4002 ros
240 3950 273 4002 ed
287 3971 402 4005 sommae
416 3971 498 4005 arces.
728 3954 748 4004 B
769 3966 794 4004 et
812 3954 846 4017 C,
865 3951 1027 4022 paulumque
1046 3948 1114 4000 hanc
1138 3949 1233 4019 respice

216 4032 276 4084 360.
301 4034 467 4108 Agnovitque
483 4031 598 4106 (nefus).
614 4033 681 4086 Edd.
728 4025 1232 4083 unimammas—En.Hunelocum

178 4125 242 4164 vett.
260 4111 425 4186 Agnovitque
442 4115 524 4186 nefas.
544 4116 594 4165 «ln
612 4115 683 4186 opti·
726 4111 841 4162 imitatus
851 4122 890 4162 est
902 4121 1004 4160 nostros
1017 4107 1140 4173 Rumon,
1152 4123 1231 4178 quem

179 4189 308 4244 mislihris
316 4191 468 4263 parenthesi
476 4190 682 4245 includiturhaec
726 4190 777 4244 vid.
793 4191 882 4263 Antip.
898 4200 949 4241 art.
962 4190 998 4252 Il,
1013 4205 1049 4240 sc.
1063 4204 1087 4238 n.
