3194 5156
566 625 709 694 LIBER
733 632 781 696 11.
1128 649 1193 722 563

237 744 425 834 Frangebat
436 745 547 816 radios
559 747 762 848 lrumilijam
773 783 903 852 pronus
917 767 1065 867 Olympo
1090 805 1093 811 ¹
1163 797 1193 848 15

191 847 353 934 rhoebus,
369 872 403 923 et
417 859 541 926 Oceani
552 863 760 953 penetrabile
773 866 853 939 litus
866 876 995 950 anhelis

127 969 131 982 '
190 961 407 1032 Promittebat
420 972 514 1060 equis
530 996 538 1053 3
551 995 658 1066 quum
671 999 707 1042 se
719 981 897 1073 scopulosa
911 987 1033 1062 levavit

188 1071 308 1162 Scyros
323 1100 330 1140 :
345 1078 379 1141 in
391 1074 479 1144 hanc
492 1095 578 1148 totos
592 1087 704 1154 emisit
718 1111 833 1183 puppe
847 1097 1006 1171 rudentes

189 1180 264 1246 Dux
277 1185 488 1270 Laertiades,
498 1193 675 1288 sociosque
687 1221 859 1270 resumere
873 1227 1015 1298 pontum

189 1293 352 1382 imperat,
366 1312 399 1362 et
411 1300 510 1366 remis
525 1300 699 1396 Zephyros
712 1311 869 1403 supplere
882 1319 1048 1394 cadentes.

188 1401 359 1470 Accedunt
367 1402 453 1496 jussi
467 1435 473 1475 :
490 1414 596 1502 magis
613 1414 798 1488 indubitata
810 1431 985 1525 magisque

187 1511 307 1600 Scyros
320 1530 406 1594 erat,
419 1514 610 1613 placidique
623 1545 727 1614 super
738 1531 891 1602 Tritonia
906 1557 1017 1612 custos

186 1621 306 1690 Litoris
320 1649 327 1689 :
342 1630 467 1717 egressi
479 1652 607 1698 numen
618 1657 824 1709 venerantur
834 1650 952 1735 amicae

1159 1366 1192 1400 ²0

141 1829 172 1880 0.
190 1831 208 1882 i.
217 1834 277 1903 jam
293 1844 347 1886 tunt
361 1851 508 1911 sequeretur
522 1842 625 1897 Ulixen
633 1869 643 1908 ,-
689 1863 776 1904 antem
789 1863 1007 1934 appropinquant
1021 1871 1055 1922 ad
1066 1889 1191 1945 portum,

138 1910 201 1980 lleg.
219 1912 239 1962 C
254 1929 371 1967 nostram
387 1918 447 1970 leet.
461 1922 506 1972 En.
521 1925 642 1976 —qui·
687 1943 751 1984 tune
772 1939 849 1990 etiam
879 1946 1041 2034 malignitate
1063 1971 1190 2028 aquarum

137 2005 203 2039 sum.
213 1990 280 2041 Vide
292 1993 388 2046 Achill.
402 1999 425 2060 l,
437 1998 480 2066 94.
685 2014 755 2064 venti
777 2017 862 2072 miuus
877 2037 998 2093 potentes
1018 2049 1099 2104 sunt,
1119 2041 1190 2094 unde

172 2069 639 2154 15.qugelmt.Velquiasol‚quum
684 2091 762 2141 remis
778 2093 904 2164 adjuvant
919 2118 1026 2176 ventos,
1038 2110 1098 2165 ideo
1111 2116 1189 2170 dicit:

136 2160 175 2197 est
187 2147 213 2197 iu
228 2166 340 2218 occasu,
355 2153 488 2210 breviores
500 2159 588 2214 radios
595 2165 639 2232 ja·
687 2173 812 2225 resumere
819 2189 941 2248 portum,
953 2198 979 2238 et
987 2189 1129 2262 Zephyros,
1138 2213 1188 2252 etc,

135 2228 185 2292 cit,
198 2227 269 2279 unde
283 2231 360 2284 fracti
372 2234 505 2304 videntur,
520 2256 641 2312 respectu
685 2244 712 2296 id
720 2262 770 2317 est,
778 2253 835 2321 jam
842 2255 994 2318 deficientes
1004 2286 1116 2342 propter
1122 2278 1189 2331 vada

134 2305 268 2361 radiorum
281 2312 413 2382 meridiei,
424 2335 504 2387 quum
513 2335 640 2394 estsupra
681 2325 737 2393 jam
748 2330 822 2383 inita.
835 2333 992 2395 Miremur.

134 2401 215 2458 caput
225 2405 354 2459 nostrum,
361 2395 401 2446 vel
411 2399 471 2470 quia
480 2417 562 2471 quum
569 2403 641 2454 vadit
722 2423 763 2458 ao.
778 2411 864 2467 Remis
872 2417 1007 2491 Zephyros
1018 2429 1136 2502 supplere
1145 2455 1188 2488 ca·

134 2465 167 2518 nd
187 2487 328 2538 occasum,
348 2493 409 2545 pars
429 2478 492 2531 solis
514 2479 564 2532 sub
584 2486 637 2534 ori·
684 2481 778 2538 dentes.
801 2490 831 2542 ld
851 2508 912 2562 est,
930 2503 1041 2573 remigio
1063 2509 1187 2580 adjuvare

133 2561 223 2616 conte,
236 2569 297 2622 pars
311 2571 390 2624 supra
404 2569 460 2609 est:
475 2559 548 2611 unde
563 2561 637 2614 vide·
680 2578 775 2618 ventos
787 2569 813 2620 in
827 2579 1008 2641 promovenda
1020 2603 1096 2639 nave.

132 2638 175 2676 mr
186 2642 289 2700 pamm
300 2631 434 2686 radiorum
448 2637 481 2688 ad
493 2657 556 2706 nos,
570 2659 636 2712 Par.
717 2660 759 2696 ar.
773 2649 908 2704 Accedunt
910 2659 997 2728 jussi:
1011 2667 1094 2736 magis
1107 2669 1185 2725 indu·

132 2707 634 2786 ..muanuporesumracereedeo
680 2721 1184 2816 u.2.‚..9.·.....ug.rruam-

124 2783 350 2859 frangebotdixit.
367 2793 521 2848 Miremur.
679 2805 773 2858 cedunt
786 2813 866 2881 juxta
884 2826 910 2866 et
931 2823 1013 2893 magis
1037 2826 1184 2892 indubitata

170 2876 210 2934 17·
232 2868 318 2935 Quum
339 2875 517 2944 “scopulosa
538 2875 634 2932 levavit
678 2889 826 2961 magisque·
838 2894 901 2966 ¹³⁰8·
915 2898 1183 2986 C’Aoeed‘m‘smf’

129 2944 228 3015 Scyros,
246 2949 495 3024 Appropinquaudo
514 2961 583 3010 enim
599 2961 633 3012 sd
677 2977 703 3016 et
714 2970 797 3042 magis
809 2973 955 3030 indubitata
975 2989 1115 3062 magisque.
1133 2998 1181 3054 En.

129 3021 216 3092 mam,
228 3028 253 3077 in
265 3026 344 3081 hom
354 3033 440 3101 major
449 3053 479 3086 π
490 3040 584 3107 major,
595 3040 632 3090 31.
675 3072 712 3084 -
720 3049 807 3122 Magis
815 3051 960 3110 indubitata
977 3069 1108 3140 stragisque
1117 3077 1182 3150 Scy·

130 3105 389 3176 siorqneridebatur.
398 3113 521 3186 Virgilius
528 3119 630 3172 AEneid.
676 3139 716 3176 ros
727 3141 790 3180 erat.
801 3131 841 3180 Au
854 3133 925 3186 illam
939 3149 1180 3223 appropinquando

127 3180 179 3246 ΠΙ,
200 3183 271 3236 205,
293 3208 305 3231 .
316 3187 417 3254 Quarto
432 3204 500 3244 terra
520 3193 563 3248 die
577 3200 630 3270 pri·
676 3209 759 3276 magis
772 3227 802 3260 ae
815 3215 896 3281 magis
908 3216 979 3270 illam
988 3234 1177 3294 agnoscebant.

128 3279 201 3311 mum
212 3281 239 3314 se
249 3264 370 3320 attollere
382 3271 487 3324 taudem
498 3272 569 3327 Visa.
581 3302 592 3324 ι
712 3301 754 3337 22.
765 3286 921 3366 Placidique
929 3317 1013 3370 super.
1028 3307 1145 3368 Suhaudi
1164 3340 1178 3372 a

167 3341 206 3391 18,
227 3343 259 3394 1η
280 3344 348 3398 horre
365 3359 430 3401 totos
444 3353 529 3404 emisit
541 3371 630 3428 puppe
675 3368 828 3434 superiore,
851 3388 914 3426 erat.
937 3379 985 3433 Est
1002 3401 1098 3442 autem.
1112 3408 1177 3449 tem·

128 3417 253 3472 rudentes.
269 3419 296 3472 ld
308 3435 360 3489 est,
372 3424 405 3475 ad
415 3425 484 3478 hane
496 3433 557 3483 toris
566 3435 629 3486 velis
656 3431 662 3440 ⁸
674 3441 747 3511 plum
760 3447 872 3502 Palladis
881 3451 914 3503 de
925 3475 978 3527 quo
987 3473 1120 3538 superius,
1129 3472 1174 3528 lib.

126 3499 273 3552 contendit.
297 3501 452 3574 Metaphora
479 3508 512 3559 ah
536 3516 627 3584 equis,
675 3522 737 3586 1‚v.
753 3525 812 3579 285.
827 3531 947 3585 al‘alladi
957 3537 1054 3596 litoreae
1064 3549 1177 3608 celebra·

126 3577 221 3646 quibus
233 3578 341 3632 habene
351 3585 526 3640 remittuntur.
671 3598 719 3651 bat
729 3601 822 3675 Scyros
834 3606 967 3666 honorum
979 3620 1058 3676 Forte
1071 3628 1151 3686 diem.
1163 3661 1174 3684 n

169 3671 208 3724 ¹9·
232 3658 293 3708 Dmc
313 3654 477 3731 fflgffigdffi,
498 3669 628 3741 sociosque
709 3681 750 3733 23.
772 3685 874 3756 Egressi
899 3709 994 3748 numen
1024 3721 1179 3766 verterentur

125 3748 249 3786 resumere
271 3751 393 3807 pontum.
420 3744 476 3796 l'ut.
503 3764 627 3802 resumere
671 3762 761 3812 amicte
772 3766 927 3840 AEtolurque
937 3775 1093 3855 Ithacusque
1103 3789 1173 3847 Deoe.

120 3823 235 3883 portum,
250 3845 286 3854 ...
302 3818 364 3889 neg.
380 3821 399 3870 B
413 3823 525 3893 prabet,
544 3828 578 3879 D.
595 3831 623 3882 L.
669 3839 729 3889 Mos
741 3843 932 3916 navigantium,
942 3854 1022 3909 immo
1034 3863 1176 3940 viantium,

121 3891 246 3965 sociisque
259 3913 382 3949 removere
389 3912 502 3970 pontum
509 3926 518 3965 ,·
530 3909 626 3978 nege
670 3918 873 3991 salutareDeos,
881 3929 921 3982 vel
933 3933 1031 3990 Genios
1045 3939 1172 4018 locorum,

121 3987 239 4025 nostram
255 3975 314 4029 lect.
337 3979 383 4030 En.
395 4010 428 4019 —
437 3982 498 4033 Dux
510 3986 625 4040 Laertia·
669 3994 702 4046 ‹le
715 4015 769 4068 quo
777 4003 904 4072 Apuleius
915 4010 1012 4066 Florid.
1023 4020 1108 4076 initio.
1118 4028 1174 4080 Vir·

121 4051 173 4102 des.
200 4053 296 4106 Ulixes.
317 4087 353 4095 -
371 4059 511 4114 resumere.
541 4069 625 4119 llece·
670 4075 747 4144 gilius
760 4081 972 4161 AEoeid.lll‚78.
991 4099 1071 4151 «Huc
1085 4105 1171 4172 feren

121 4131 214 4184 dentes
229 4152 243 4186 a
256 4151 335 4206 porto
355 4157 434 4191 naves
451 4146 529 4198 remis
543 4147 624 4200 dedu·
669 4153 724 4205 hmo
736 4157 806 4210 fesso

121 4225 233 4278 cuntur,
252 4213 336 4268 donec
363 4218 442 4272 altum
467 4243 557 4293 mare,
580 4229 623 4282 uhi

119 4293 531 4366 ventisrelaconceduntuaurre;
543 4325 623 4377 quum
669 4315 709 4365 nis
720 4315 840 4370 urbemn
855 4354 889 4363 —
899 4327 997 4383 Amiroe
1006 4333 1074 4388 Dece.
1087 4342 1171 4396 Pallas

973 4423 1025 4488 556.

808 4175 888 4217 stuto
903 4167 1082 4238 placidissimo
1093 4201 1170 4253 portu

669 4235 779 4305 Accipit.
794 4239 896 4312 Egressi
906 4266 1061 4306 veneramur
1072 4263 1171 4332 Apolli·
1258 4301 1260 4307 .
