3256 5160
577 582 719 646 LIBER
744 583 827 646 llll.

223 704 369 773 Foederis
381 733 388 774 ι
400 697 488 774 hanc¹
500 709 615 800 patriae
627 711 712 777 ritus
725 709 866 801 fregisse
878 731 1014 776 severos

225 815 377 884 Atthides
390 815 537 911 obliquae
549 841 664 886 secum
677 822 844 886 mirantur
855 835 973 911 operto

226 930 419 996 Murmure:
434 929 527 1024 quod
538 929 636 998 nitidi
649 935 774 1014 crines,
788 929 880 1026 quod
893 946 1029 1024 pectora
1041 929 1132 1023 palla

225 1043 310 1106 Tota
322 1038 443 1125 latent,
456 1044 589 1134 magnis
602 1041 695 1137 quod
708 1041 852 1112 barbara
864 1059 972 1111 semet
984 1040 1121 1110 Athenis

225 1153 380 1234 Misceat,
391 1171 494 1247 atque
506 1154 594 1222 hosti
607 1159 720 1224 veniat
731 1158 882 1248 paritura
894 1158 1025 1224 marito.

274 1263 429 1334 Paullum
439 1282 473 1333 et
483 1265 527 1332 ab
537 1269 672 1335 insessis
686 1283 814 1336 moestae
826 1265 1024 1360 Pelopeides
1036 1267 1102 1334 aris
1178 1275 1230 1345 ⁵4⁰

226 1378 428 1446 Promovere
440 1377 599 1470 gradum,
612 1381 801 1474 seriemque
814 1395 848 1446 et
858 1378 947 1448 dona
958 1376 1121 1470 triumphi

227 1488 409 1571 Mirantur,
422 1491 569 1584 victique
581 1493 694 1558 auimo
706 1488 836 1558 rediere
849 1491 971 1556 meriti.

227 1603 335 1692 Atque
347 1600 404 1668 uhi
417 1600 561 1668 tardavit
572 1625 710 1684 currus,
723 1617 758 1668 et
767 1600 810 1667 ab
824 1625 886 1668 axe
899 1598 1046 1692 superbo

227 1707 388 1799 Explorat
399 1733 517 1777 causas
529 1713 651 1793 victor,
664 1713 840 1806 poscitque
852 1709 1000 1802 benigna
1204 1799 1207 1806 1

229 1822 317 1886 Aure
330 1844 462 1912 preces,
473 1845 558 1889 ausa
568 1839 647 1890 ente
659 1821 740 1889 alies
753 1824 921 1914 Capaneia
932 1818 1072 1914 conjux:
1179 1829 1230 1896 545

281 1928 445 2022 «Belliger
455 1931 586 2024 AEgide‚
600 1913 788 2001 subitaeeui
800 1935 946 1999 maxima
958 1930 1067 1999 laudis

230 2040 363 2107 Semina
376 2038 417 2108 de
430 2045 553 2110 nostris
564 2045 673 2135 aperit
685 2049 833 2110 Fortuna
845 2045 969 2125 ruinis,

230 2155 303 2218 Non
317 2169 455 2220 externa
467 2178 592 2245 genus,
606 2155 688 2222 dirae
700 2179 764 2222 nec
775 2157 910 2222 conseia
920 2178 1034 2237 noxae,

229 2261 345 2330 Turba
357 2287 492 2333 sumus:
507 2265 628 2334 domus
643 2273 749 2358 Argos
763 2283 850 2350 erat,
863 2289 1029 2361 regesque
1040 2265 1169 2346 mariti,

229 2378 305 2440 Non
317 2378 447 2444 utinam
460 2394 494 2444 et
504 2378 624 2447 fortes:
638 2378 721 2474 quid
734 2382 825 2448 enim
837 2396 976 2471 septena
988 2401 1125 2446 movere
1181 2385 1231 2440 550

183 2574 210 2612 et
228 2563 358 2623 isaacius,
376 2561 446 2615 hane
464 2563 581 2635 apellant
593 2567 686 2617 Antio·
731 2581 787 2618 tam
800 2566 974 2618 Molossorum
989 2581 1092 2635 regem,
1105 2575 1184 2634 capto
1197 2563 1235 2633 ip·

184 2658 254 2712 pam.
277 2671 310 2679 -
333 2643 427 2694 Mariti
436 2643 551 2714 federis.
569 2643 613 2696 Sio
631 2645 687 2719 lege
732 2647 864 2716 sineregis
875 2645 939 2704 lilio,
950 2643 984 2696 ad
995 2661 1077 2706 nram,
1088 2659 1134 2694 seu
1144 2642 1234 2692 focum

185 2722 279 2772 manta
291 2724 363 2793 apud
375 2725 523 2776 Horatium.
733 2743 760 2777 se
780 2727 908 2794 conjecit,
927 2724 1019 2795 ibique
1036 2721 1166 2774 consedit.
1192 2719 1235 2769 Sia

220 2801 281 2854 535.
291 2804 686 2876 Patrioeritas.Quodnupserit.
732 2803 811 2857 index
829 2804 888 2870 ille,
912 2806 958 2875 qui
974 2805 1129 2854 Pausaniam
1146 2817 1236 2870 regem

220 2882 281 2936 536.
301 2884 419 2937 Atthides
433 2886 552 2959 obliqua.
568 2885 689 2938 Alclrides
733 2884 865 2955 prodidit,
885 2885 1004 2956 confugit
1021 2882 1056 2934 ad
1073 2885 1164 2934 lanum
1182 2883 1236 2932 Ne-

185 2964 243 3014 Put.
253 2993 290 3003 -
300 2965 361 3014 Haeo
372 2962 430 3015 leet.
444 2966 470 3016 in
481 2966 544 3035 Reg.
558 2965 577 3014 Β
587 2966 689 3016 inveni·
733 2964 825 3033 ptnni,
836 2962 909 3034 quod
920 2975 976 3014 erat
987 2962 1103 3026 Taenari,
1116 2961 1179 3012 etin
1192 2977 1236 3011 ara

186 3042 413 3116 tur.-Ol›liqaoe.
426 3045 467 3094 An
480 3045 582 3095 invida.
734 3041 862 3093 consedit.
878 3043 938 3093 Mos
957 3043 1109 3094 notissimus
1128 3059 1159 3092 aa
1176 3042 1237 3093 scri·

223 3121 390 3192 537.1ttrtat
415 3125 504 3176 crima
535 3125 598 3175 Non
619 3125 688 3175 enirn
733 3121 866 3193 ptoribus.

185 3204 271 3253 crines
309 3202 450 3253 comebant
488 3203 689 3255 Amazones-
770 3201 831 3267 542.
850 3201 1001 3267 Mirantur,
1021 3200 1133 3272 victique
1146 3200 1237 3252 animo

187 3283 264 3352 Quod
281 3295 385 3353 pectora
405 3284 483 3354 palla
509 3283 576 3338 Tota
597 3283 688 3337 latent.
733 3280 831 3333 rediere
853 3279 950 3332 mariti.
980 3282 1009 3331 ln
1030 3279 1136 3331 duobus
1156 3278 1237 3330 codd.

185 3359 323 3415 Nudaturn
349 3365 418 3414 enim
448 3377 541 3435 pectus
568 3365 689 3417 serebant
734 3358 1090 3431 Barthii,vestiqneanimo.

187 3443 343 3493 Amazones.
771 3440 831 3508 543.
851 3441 938 3512 Atque
954 3439 996 3491 uti
1012 3439 1124 3490 tardavit
1140 3457 1238 3492 canas,

222 3521 282 3590 539.
302 3521 426 3583 Misceat,
439 3521 593 3593 atqaeltosti
601 3525 690 3576 veniat
733 3523 797 3591 lleg.
816 3522 836 3571 B
852 3520 953 3586 habet,
975 3531 1054 3592 atque
1072 3518 1109 3570 ibi
1125 3519 1239 3570 tardavit

185 3603 305 3673 paritura
329 3601 433 3652 marito.
456 3603 484 3652 ln
509 3601 603 3654 eodem
630 3605 689 3655 Put.
734 3603 892 3652 eumilo.

188 3684 286 3754 scripto
302 3700 308 3729 ε
327 3681 416 3733 ueniat
434 3680 566 3752 placitura
586 3683 688 3736 marito.
771 3679 832 3745 544.
855 3678 951 3731 Victor.
963 3674 1240 3728 Theseus-Poscit·

187 3761 352 3818 Eademtecr.
361 3764 387 3813 in
397 3763 459 3830 fleg.
469 3763 689 3817 Binvenitur.En.
735 3778 795 3832 que.
808 3759 835 3810 ld
851 3773 904 3820 est,
917 3768 1060 3828 exspectat.

225 3843 286 3910 540.
306 3843 415 3896 lasesst's.
429 3843 514 3906 Bene;
527 3861 588 3895 nam
600 3846 626 3896 in
640 3846 692 3897 aris
773 3839 834 3905 545.
856 3839 987 3909 Capaneia
999 3839 1102 3906 conjux.
1123 3833 1239 3886 evadne.

185 3922 693 3994 consideremussupplicum,eteorum‚
737 3913 1242 3972 PausaniastamenAtticissoribit'l'he·

188 4005 233 4073 qui
247 4001 334 4052 tutelae
344 4021 397 4053 saa
407 4020 487 4053 causa
500 4002 693 4072 confugiebant
737 3999 774 4050 sei
787 4017 897 4069 operam
908 4016 961 4048 non
971 3995 1005 4046 ab
1016 3996 1080 4067 ipsis
1090 3993 1185 4059 viduis,
1195 3993 1242 4046 sed

188 4081 222 4132 ad
239 4083 323 4132 Deum
342 4099 409 4132 eras.
429 4081 518 4152 Lysias
538 4081 689 4151 Apologia:
737 4077 770 4128 ab
785 4081 844 4148 ipso
856 4077 984 4142 Adrasto,
998 4075 1116 4144 petitam.

188 4151 265 4212 istu·
296 4157 336 4210 tat
364 4156 404 4211 eir
433 4160 513 4224 βὸμον
542 4146 688 4227 iudicem.
771 4158 833 4224 546.
852 4157 959 4210 Satira.
974 4155 1003 4207 ld
1014 4168 1067 4218 est,
1080 4153 1205 4222 inopine,
1216 4163 1242 4202 et

190 4239 688 4313 «Supplicesinaraoonsedernnt.»Sic
735 4257 791 4290 non
806 4250 970 4308 exspectatae.

185 4320 377 4376 'Themistocles
385 4322 541 4392 confugiens
554 4321 588 4374 ad
596 4319 689 4373 Adme·
772 4317 832 4369 550.
852 4318 913 4368 Non
929 4315 1030 4367 atinam
1044 4311 1247 4386 etfortes:qaid
