3272 5166
636 496 777 559 LtBER
806 497 845 560 X.
1198 505 1263 572 333

265 623 467 692 Multifidam
481 645 644 717 quercum
655 621 810 714 flagranti
821 621 950 692 lumine
962 625 1079 697 vibrat.

264 741 366 802 Arma
379 734 502 803 rubent
515 758 600 814 una,
612 732 787 827 clipeoque
799 733 991 802 incenditur
1002 739 1099 830 ignis'.

270 875 283 904 a
296 850 380 925 Hac,
393 848 457 928 ait,
470 849 505 912 in
516 844 666 926 Thebas,
680 843 744 911 hac
756 868 810 912 me
819 842 917 938 jubet
929 845 1035 915 ardua
1045 854 1153 919 virtus
1212 867 1263 934 845

264 958 332 1039 lre,
345 961 518 1024 Menoeceo
531 980 599 1050 qua
609 954 737 1023 lubrica
749 958 913 1048 sanguine
925 961 1039 1027 turris.

264 1071 439 1160 Experiar,
453 1066 534 1161 qnid
544 1089 639 1135 sacra
646 1063 782 1158 juvent,
796 1091 839 1133 an
853 1065 959 1134 falsus
972 1069 1127 1161 Apollo.»

311 1179 417 1259 Dixit,
430 1194 464 1244 et
474 1176 603 1246 alterno
615 1177 746 1268 captiva
757 1179 793 1243 in
805 1180 927 1244 moenia
937 1201 1054 1269 gressu

263 1291 375 1380 Surgit
387 1313 511 1356 ovans:
526 1287 641 1383 quales
655 1287 823 1355 mediisin
835 1287 982 1357 nubibus
995 1289 1100 1360 aether

263 1399 355 1467 Vidit
365 1397 636 1494 Aloidas,quum
649 1413 815 1466 cresceret
826 1401 929 1490 impia
942 1398 1040 1468 tellus
1210 1417 1261 1472 850

264 1516 470 1604 Despectura
483 1517 587 1594 Deos,
602 1533 664 1602 nec
676 1508 787 1582 adhuc
800 1511 947 1577 immane
960 1513 1087 1579 veniret

261 1624 396 1708 Pelion,
409 1641 443 1692 et
455 1623 624 1716 trepidum
633 1619 705 1715 jam
717 1638 870 1712 tangeret
881 1625 967 1690 Ossa
978 1627 1178 1694 Tonantem.

197 1738 202 1756 “
310 1738 398 1800 Tum
410 1757 490 1802 vero
502 1734 634 1800 attoniti
645 1732 792 1798 fatorum
804 1735 839 1798 in
852 1730 988 1800 cardine
999 1756 1148 1818 summo,

213 1989 304 2047 quque
320 1971 461 2032 timendis,-
480 1969 543 2040 Reg.
559 1971 580 2022 C
598 1983 714 2023 nostram
797 1967 857 2021 850.
877 1967 993 2022 Aloidas.
1007 1968 1036 2021 ld
1049 1985 1104 2036 est,
1120 1971 1219 2024 Othnm
1234 1987 1260 2026 et

216 2051 276 2105 lect.
296 2053 343 2103 Eo.
759 2045 907 2118 Ephialtem
915 2048 1206 2118 AloeiGigantisiilios,
1216 2055 1260 2124 qni

251 2129 312 2196 883.
335 2126 498 2201 Multifidum
522 2145 644 2202 quercum
658 2129 714 2203 fla·
759 2143 811 2177 una
822 2143 882 2176 cum
893 2128 991 2179 caeteris
1002 2127 1151 2197 gigantibus
1161 2128 1259 2182 bellum

213 2205 714 2282 9νο0111001100018νο1.11εῇ8101101,
759 2207 815 2258 Diis
834 2205 997 2272 intulerunt,
1019 2208 1116 2280 quique
1131 2210 1221 2262 Dianae
1235 2224 1260 2262 et

214 2292 255 2341 M.
263 2310 288 2364 q.
288 2287 420 2365 flagranti
420 2286 539 2360 fulmine
547 2287 712 2356 vibratffleg.
759 2285 889 2358 Apollinis
899 2287 1000 2356 sagittis
1011 2286 1107 2338 confixi
1116 2289 1258 2358 perieremt.

214 2369 237 2421 C
248 2382 363 2420 nostram
375 2368 435 2419 lect.
455 2368 500 2417 Eo.
758 2393 794 2404 -
804 2363 901 2434 Impia.
912 2366 967 2415 Hos
978 2367 1048 2416 euim
1060 2366 1186 2436 Gigantes
1198 2367 1261 2419 dici-

251 2447 311 2515 844.
330 2447 363 2498 A.
378 2467 397 2497 r.
413 2465 439 2497 u.
451 2443 586 2516 clipeoque
597 2443 715 2518 incendi·
759 2453 803 2492 tur
819 2455 888 2494 terra
902 2445 1040 2514 genuisse,
1056 2458 1087 2497 ut
1104 2447 1174 2498 Deos
1188 2445 1258 2498 bello

215 2521 712 2600 turignis.Behot.1,uecendituriguis.
758 2521 923 2573 invaderent.
1010 2556 1016 2574 ,
1155 2525 1156 2528 ’

215 2635 251 2645 -
262 2605 344 2656 Anna
355 2604 454 2655 rubent.
467 2603 515 2653 Hic
526 2620 615 2653 versus
625 2599 715 2653 delen-
795 2600 855 2654 851.
878 2601 935 2653 Nec
956 2603 1071 2655 immane
1092 2605 1189 2656 veniret
1210 2605 1259 2657 Pe·

180 2717 184 2724 ·
203 2682 266 2734 ¹dus
276 2682 381 2735 videtur
393 2683 505 2755 Gugeto.
517 2711 553 2721 -
563 2681 716 2732 Intenditur
759 2678 828 2746 lion,
844 2693 893 2732 etc.
909 2680 1034 2752 Gigantes
1047 2684 1132 2747 enim,
1149 2694 1180 2733 nt
1193 2683 1260 2736 faci-

216 2764 289 2834 1908.
321 2764 410 2814 Nitore
439 2762 515 2832 clipei
543 2779 714 2832 repercussus
760 2759 810 2834 lius
828 2764 899 2814 Deos
917 2764 944 2813 in
964 2763 1028 2814 calo
1043 2761 1258 2834 aggrederentur,

215 2839 379 2913 splendidior
391 2841 429 2894 fit.
441 2844 522 2893 Vetus
536 2839 625 2893 Schol.
759 2839 886 2892 dicuntur
903 2856 956 2893 tres
976 2855 1081 2893 montes
1098 2842 1258 2914 Olympum,

252 2919 312 2986 845.
331 2921 366 2973 H.
381 2941 407 2971 u.
419 2921 436 2972 i.
454 2919 485 2970 T.
500 2919 524 2969 1.
538 2939 580 2970 me
585 2919 659 2990 jubet
672 2936 713 2968 ar·
758 2919 863 2986 Pelion,
873 2931 899 2971 et
908 2920 1002 2971 Ossam
1010 2921 1168 2990 imposuisse
1176 2939 1258 2973 unum

214 2999 267 3051 dua
281 3001 365 3051 virtus.
386 3003 435 3051 ·1n
450 2999 611 3049 nonnemine
629 2996 712 3050 libro·
758 3017 837 3068 supra
852 2997 971 3050 alterum.
985 2998 1065 3069 Apud
1076 3001 1218 3052 Homerum
1230 2999 1258 3051 hi

216 3095 274 3130 rnrn
288 3079 338 3129 fuit
350 3078 466 3148 improba
481 3077 575 3138 virtus3
588 3075 659 3147 qnod
671 3094 714 3127 oa·
759 3077 1054 3130 monteseodemordine
1061 3079 1195 3148 collocati,
1204 3100 1258 3152 quo

215 3158 338 3226 stigatnm
348 3170 458 3228 apparet
469 3156 613 3208 recentiore
624 3173 712 3206 manu.
758 3157 828 3227 apud
839 3158 964 3209 Nostrum
975 3157 1124 3211 :¹0mrr'u’
1133 3157 1258 3228 Οὐλύμπῳ

214 3236 287 3290 Nihil
296 3250 437 3289 mutamus.
449 3243 459 3283 ι’
473 3239 568 3288 Bonan.
755 3234 868 3302 μίμασαν
885 3233 962 3301 elan,
975 3234 1051 3306 adalp
1067 3236 1106 3290 ἐπ’
1117 3235 1191 3306 'Oros
1207 3237 1259 3289 mt-

250 3317 455 3387 8478011000,
464 3316 604 3388 quidsacra
606 3317 713 3386 juvent,
758 3331 813 3369 acer.
831 3318 998 3368 :Tentarunt
1015 3319 1151 3389 imponere
1163 3320 1258 3372 Ossam

213 3394 342 3466 anfulsus
353 3393 459 3468 Apollo.
471 3391 713 3464 Reg.Bhabet,an
758 3395 891 3466 Olympo,
916 3394 1012 3446 deinde
1037 3395 1127 3447 Pelion
1152 3397 1255 3448 Ossa.-

208 3473 289 3544 sallr's
300 3474 412 3547 Apollo,
424 3488 450 3525 et
462 3491 541 3544 supra
552 3485 713 3540 correctum,
757 3476 841 3528 Aliter
852 3495 897 3528 eos
908 3476 1022 3528 collocat
1032 3475 1140 3530 Ovidius
1149 3477 1256 3529 Metam.

214 3555 342 3624 anfulsus
353 3554 466 3628 Apollo‚·
478 3556 541 3624 Reg.
559 3555 580 3606 C
595 3567 714 3606 nostram
758 3557 785 3622 1,
795 3576 818 3606 v.
831 3554 894 3607 155:
907 3555 993 3606 «Tum
1003 3569 1079 3624 pater
1089 3557 1258 3626 omnipotens

213 3634 273 3686 lect.
282 3637 327 3686 Eo.
335 3664 371 3673 -
381 3636 447 3705 Quid
456 3636 633 3704 sucrajuveut.
641 3633 714 3700 Quid
759 3636 838 3686 misso
845 3635 971 3706 perfregit
980 3634 1122 3706 Olympum
1128 3635 1257 3699 Fulmina,

214 3717 298 3784 prosit
308 3713 442 3766 Thebanis
455 3733 524 3766 mors
536 3713 664 3764 Menoecei
673 3731 714 3764 sa·
759 3727 785 3766 et
794 3715 908 3765 excussit
920 3715 1039 3784 subjecto
1051 3715 1141 3767 Pelion
1152 3714 1232 3765 Ossa.
1243 3716 1272 3760 ι’

214 3795 265 3846 cris
278 3795 391 3846 inventa.
405 3795 486 3846 Vetus
498 3791 585 3845 Schol.
758 3791 791 3843 Et
804 3793 894 3862 Virgil.
908 3793 1003 3865 Georg.
1021 3796 1045 3857 I,
1058 3813 1082 3844 v.
1101 3795 1147 3846 081
1161 3813 1167 3845 r
1185 3796 1257 3846 «Ter

249 3873 310 3939 848.
322 3873 438 3946 Captiva.
447 3873 512 3940 Quae
521 3889 618 3942 capere
625 3873 712 3921 animo
757 3884 819 3925 sunt
829 3874 917 3924 conati
926 3873 1061 3944 imponere
1072 3871 1162 3924 Pelion
1172 3875 1256 3936 Ossae,

211 3956 265 4025 jam
274 3951 712 4026 praesumserat-Alternoqressu.
758 3951 862 4002 Scilicet
873 3964 951 4024 atque
964 3953 1036 4003 Ossae
1048 3949 1205 4002 frondosum
1214 3952 1257 4001 in-

213 4030 243 4084 ld
251 4046 303 4099 est,
314 4031 393 4084 modo
403 4030 510 4099 dextro,
520 4029 599 4082 modo
607 4031 712 4082 sinistro
757 4029 861 4082 volvere
873 4029 1024 4102 Olympum.
1036 4053 1047 4075 ι

213 4112 290 4182 pede.
306 4112 373 4164 Mire
392 4111 516 4164 describit
531 4109 606 4163 scalis
621 4127 712 4160 ascen·
793 4107 853 4162 853.
867 4109 976 4161 Cardine
985 4125 1092 4161 summo.
1105 4105 1256 4176 Prodigiosa

214 4191 327 4246 dentem.
340 4197 422 4248 Vetus
435 4190 521 4246 schol.
759 4205 816 4250 res,
829 4187 907 4238 unius
917 4188 963 4238 viri
976 4196 1062 4252 metu,
1074 4203 1151 4254 quem
1163 4196 1257 4237 contro
