3230 5168
558 542 699 606 LIBER
724 543 827 605 Vlll.
1152 543 1210 606 261

220 679 320 740 Arma
331 669 464 750 volunt,
476 670 603 761 primos
615 666 718 736 veluti
730 665 832 736 modo
846 670 999 736 cominus
1010 670 1096 737 ictus

220 782 440 862 Sustulerint‚
453 783 631 874 omnisque
643 781 827 848 etiamnum
839 776 950 847 luceat
962 781 1063 848 ensis.

264 895 401 962 Eminet
410 890 576 972 OEnides;
590 893 744 985 quemvis
756 907 790 958 et
801 889 967 958 arundine
979 908 1071 960 certe
1166 903 1221 958 660

220 1003 484 1096 Parthenopaeus
496 1017 589 1093 agat,
601 1003 873 1094 morientumque
885 1025 944 1068 ora
955 1001 1080 1070 furenti

220 1113 459 1207 Hippomedon
469 1110 643 1205 proculcet
653 1135 757 1206 equo,
769 1114 992 1206 Capaneaque
1002 1113 1104 1204 pinus

219 1228 296 1292 Jsm
307 1221 426 1315 procul
438 1225 552 1290 Aoniis
566 1220 654 1291 volet
663 1220 875 1314 agnoscenda
886 1224 1040 1290 catervis.

265 1332 401 1427 Tydeos
413 1331 470 1400 illa
483 1331 554 1400 dies
567 1357 574 1398 τ
588 1331 685 1400 illum
699 1333 914 1427 fugiuntque,
927 1347 1144 1427 tremuntque

219 1442 449 1512 Clamantem:
468 1473 481 1502 a
493 1445 569 1528 Quo
580 1459 672 1534 terga
685 1440 792 1510 datis?
803 1439 880 1509 licet
891 1465 967 1510 ecoe
979 1459 1148 1535 peremtos
1165 1453 1219 1508 665

178 1628 225 1682 dos
243 1629 321 1682 llotn.
342 1648 380 1684 vs.
399 1629 467 1699 617:
490 1631 677 1700 :integratque
721 1629 790 1680 tiunt
803 1627 866 1679 libri
874 1627 996 1680 meliores
1008 1629 1055 1680 uni
1065 1647 1096 1679 ex
1106 1613 1225 1682 Linden-

176 1710 313 1761 animom·
330 1721 356 1760 et
375 1707 433 1761 vide
450 1721 536 1760 notet.
556 1707 677 1760 adhunc
720 1707 873 1778 brugienis,
886 1707 1059 1778 quiprefert,
1070 1707 1225 1781 feriuntque

175 1805 198 1838 r.
217 1789 291 1840 Post.
305 1789 363 1840 Let.
383 1789 448 1840 Min.
462 1801 527 1840 tom.
544 1789 595 1854 lll,
613 1806 676 1860 pag.
718 1795 900 1858 premuntque.
917 1785 1081 1838 Contrarium
1098 1790 1169 1840 enim
1182 1787 1224 1840 bis

176 1866 236 1920 508.
256 1867 304 1918 En.
720 1863 806 1918 verbis
816 1866 971 1918 sententiam
980 1867 1225 1938 ingeritl'epiuiuu

208 1947 271 2000 668.
283 1945 366 1998 Anna
375 1944 479 2010 volunt,
488 1946 587 2017 primos
596 1945 678 2000 ueluti
686 1953 690 1961 '
720 1946 843 1996 nimirum
860 1948 1068 2016 quoscominus
1086 1965 1226 2018 eggressus

174 2024 250 2076 modo
265 2024 384 2078 eominus
402 2025 476 2078 letus.
491 2024 574 2076 Anne
588 2023 678 2078 uolent
722 2026 756 2076 sit
769 2023 889 2096 Tydeus,
903 2021 963 2076 illos
977 2026 1086 2096 lugere3
1100 2029 1146 2098 qui
1160 2029 1226 2080 emi·

174 2106 241 2158 Dru.
253 2105 342 2157 Petav.
355 2103 449 2158 Bebot.
465 2121 489 2170 t,
503 2117 530 2156 et
541 2103 601 2158 edd.
613 2117 675 2156 vett.
720 2119 771 2156 nos
781 2103 938 2156 clamentem
948 2102 1097 2172 audierint,
1110 2118 1225 2160 tremere

174 2183 256 2236 Anna
274 2181 475 2236 voluutllebot.
492 2200 522 2245 ²3
539 2181 632 2236 Bebot.
652 2198 676 2248 t,
721 2199 813 2236 vocem
823 2181 1225 2254 bominisDemegnoolemore
1336 2209 1338 2213 ⁴

174 2262 374 2334 prov.l.1etng.
385 2260 597 2315 Butlid.Venett.
608 2262 676 2314 Gro-
722 2273 748 2314 et
767 2262 872 2314 fremitu
885 2261 982 2315 borum
1002 2265 1120 2316 Heroum
1135 2265 1223 2320 multis

175 2361 234 2396 nov.
249 2340 338 2394 Rsnb.
351 2354 378 2393 et
389 2339 486 2413 Delpb.
497 2341 613 2394 eominus
628 2359 676 2392 en·
719 2342 841 2395 Nunnius
856 2339 929 2412 opud
945 2341 1106 2415 AEscbylum.
1124 2345 1222 2400 llum.
1267 2363 1272 2374 ·

174 2439 210 2474 tes
227 2439 297 2476 unus
315 2419 408 2474 Bebot.
424 2451 458 2460 -
472 2419 555 2472 Anna
573 2418 675 2473 uolunt.
719 2449 756 2462 -
771 2420 870 2490 Tydeos
888 2419 937 2474 ttta
956 2423 1018 2474 dies.
1034 2424 1142 2475 Veteres
1157 2423 1222 2480 olim

174 2499 262 2553 Gedes
273 2514 299 2552 et
311 2500 466 2570 sanguinem
478 2499 592 2568 spirant,
604 2497 676 2550 velut
720 2497 777 2550 dies
790 2497 866 2564 illos,
882 2499 977 2569 quibus
997 2513 1043 2552 sut
1059 2501 1222 2574 singularem

170 2585 226 2653 jem
241 2583 357 2654 primum
374 2580 521 2651 inciperent
536 2575 635 2631 bellare
649 2592 676 2631 et
720 2577 861 2649 quemdum
873 2576 1038 2650 voluptatem
1050 2594 1222 2652 receperent,

174 2677 301 2732 pugnare.
313 2659 373 2711 Vet.
384 2656 472 2712 Sobol.
484 2657 523 2709 Ex
533 2675 586 2727 quo
598 2655 675 2709 sebo·
719 2671 766 2708 eut
777 2655 840 2710 elias
851 2658 1023 2712 memorabile
1034 2677 1067 2712 no
1076 2658 1221 2730 gloriosum

174 2738 226 2804 lio,
246 2741 359 2812 ipsoque
378 2737 417 2790 rei
434 2737 542 2789 veritate
558 2733 674 2802 clarum,
717 2735 823 2789 fucinus
846 2735 1001 2804 ediderant,
1023 2757 1081 2793 mos
1102 2741 1223 2813 appelle-

173 2837 314 2892 perpersm
331 2817 437 2884 fecere,
455 2816 501 2887 qui
519 2813 611 2868 volant
630 2813 674 2867 hie
719 2815 792 2869 brut.
805 2816 881 2870 Unde
895 2817 1025 2871 lot-muln:
1038 2819 1090 2870 Hie
1103 2838 1174 2874 meus
1183 2833 1221 2875 est

174 2899 306 2953 edendum
316 2897 475 2952 meluerunt.
487 2898 520 2948 Et
533 2899 570 2949 sio
581 2895 671 2966 Virgil.
718 2895 779 2948 dies.
790 2897 927 2951 Cornelius
936 2897 1044 2950 Severus
1058 2898 1130 2970 apud
1141 2900 1221 2954 Sene-

174 2973 673 3046 AEu.Xll,ods,·srmavoluntloedus=
718 2991 776 3028 cam
793 2975 871 3028 Rbet.
890 2977 965 3028 Sues.
983 2979 1022 3041 ll,
1041 2974 1075 3028 de
1092 2977 1220 3034 militibus

174 3077 225 3130 que
240 3070 382 3131 precentur
394 3057 554 3108 hiemum.-
574 3055 670 3108 Btnrn.
717 3053 901 3125 epulantibus:
923 3055 1075 3126 *stratique
1093 3075 1142 3127 per
1158 3056 1220 3112 her·

173 3139 248 3191 lluno
273 3153 378 3190 versum
405 3137 531 3206 expungit
554 3134 672 3208 Guyetus
716 3130 855 3197 bem,Hic
866 3152 938 3186 meus
950 3147 1002 3199 est,
1014 3133 1114 3203 dixere,
1126 3136 1215 3192 dies.-

174 3235 232 3269 enm
247 3219 365 3288 quinque
378 3211 559 3286 sequentibus.
715 3208 829 3262 Mertisl.
841 3209 933 3280 lib.X,
942 3211 1032 3284 Epigr.
1043 3211 1091 3280 58,
1102 3230 1152 3284 7et
1159 3235 1215 3289 seq.

206 3294 268 3365 669.
283 3293 423 3366 omnuque
433 3293 578 3344 etiamnum
587 3290 679 3346 luceat
719 3313 730 3336 ι
740 3291 789 3342 llio
801 3289 880 3358 milti,
893 3291 1000 3362 quando
1012 3291 1069 3345 dies
1079 3311 1153 3346 meus
1163 3307 1217 3361 est,

173 3375 244 3428 ensis.
268 3375 298 3426 ln
321 3369 414 3426 eodem
439 3359 532 3424 Bebot.
557 3369 670 3424 oodice=
713 3369 844 3437 jactemur
854 3371 882 3420 in
891 3368 945 3421 slto
955 3369 1084 3435 Urbis,et
1093 3375 1120 3424 in
1133 3374 1216 3428 sterili

172 3453 331 3506 etiamnum
343 3479 379 3492 -
391 3450 486 3502 htoeut
502 3449 575 3502 ensis·
589 3449 670 3504 Nullo
713 3448 765 3498 riu
782 3447 875 3500 labore
889 3448 988 3519 perit.»
1004 3449 1103 3502 Seneca
1119 3451 1218 3506 Medea

173 3529 333 3583 sitloedstes
348 3528 487 3599 sanguine.
715 3539 767 3578 eet.
786 3529 820 3591 V,
845 3527 910 3580 ιοι6
931 3540 956 3578 et
976 3546 1032 3600 seq.
1056 3530 1218 3584 nl’erfruere

207 3609 268 3664 660.
291 3607 414 3662 ueniter.
427 3604 542 3678 Tydeus.
714 3601 788 3656 lento
799 3604 911 3658 scelere:
927 3624 960 3658 ne
975 3625 1107 3679 propere,
1122 3607 1225 3674 dolor3.

206 3688 268 3742 661.
286 3683 670 3757 Morieuetmqueorafurenti.
715 3681 792 3734 Mens
811 3680 867 3735 dies
888 3696 941 3746 esu
963 3696 1081 3756 tompore
1103 3701 1217 3759 eccepto

172 3764 310 3821 Eddvett.
321 3782 366 3817 ora
372 3763 496 3836 furentis.
716 3763 1216 3820 utimur.·ttuictormuteflnitimaest

206 3839 670 3916 blimffippomedoupmoulcetequo.
716 3839 857 3912 appellatio
868 3841 1223 3912 nFortuntebujusoediei.»:

171 3924 293 3996 Optimus
305 3917 395 3974 Barth.
405 3917 538 3991 propulset
548 3937 622 3992 equo.
715 3921 755 3972 De
769 3937 822 3989 qua
833 3918 932 3972 Plinius
943 3920 1010 3973 Hiot.
1019 3922 1083 3992 list.
1097 3921 1224 3990 xxm,

206 4001 268 4070 664.
286 3999 387 4070 Tydeos
395 3996 445 4051 itta
455 3999 524 4052 diest
538 3995 615 4050 illum
622 3997 673 4069 fu·
716 4016 776 4069 esp.
786 4000 818 4052 a:
834 4022 845 4044 ι
854 3999 926 4064 Fuit,
938 4000 1040 4072 inquit,
1051 4014 1078 4056 et
1090 4000 1157 4056 elius
1165 4003 1223 4075 Py..

167 4080 313 4153 piumque,
332 4087 506 4151 tremuntque.
522 4075 578 4128 Put.
593 4074 671 4129 illum
716 4075 840 4146 thagorss
858 4075 975 4142 Samius,
994 4081 1071 4148 eujus
1089 4081 1164 4152 signa
1181 4079 1217 4136 ad

161 4157 319 4230 feriuntque
339 4165 520 4229 premuntque.
536 4183 581 4205 .-.
598 4154 672 4208 Nihil
716 4153 799 4208 edem
816 4156 936 4208 Fortunae
953 4153 1064 4226 hujusce
1083 4153 1135 4208 diei
1154 4169 1217 4208 eunt

168 4235 327 4290 mutandum
341 4233 393 4286 hoc
409 4234 484 4302 loco,
497 4251 672 4291 neceooeen·
716 4233 885 4288 seminudo.»
1212 4253 1214 4256 ·

263 4327 329 4391 111.
380 4425 381 4435 Ν
1038 4279 1071 4392 1'1
