3194 5156
566 535 709 599 LIBER
735 536 761 598 l.
1123 537 1184 604 531

188 666 386 756 Progeniem
396 661 485 744 caeli,
501 664 696 755 Spartaeque
708 663 855 754 potentis
868 660 1059 730 alumnam:
1119 716 1124 728 .

186 781 285 860 Jura,
298 773 416 856 fidem,
432 777 579 866 Superos
591 797 659 841 una
671 773 796 842 calcata
808 775 937 867 rapina.

188 894 260 956 Hoc
272 887 381 956 foedus
397 886 594 981 Phrygium,
607 883 681 954 hoec
692 889 834 980 gemina²
846 890 1047 956 commercia
1059 895 1177 958 terrae?

186 997 275 1084 Quid
287 1013 421 1066 maneat
433 979 596 1091 populos,
610 998 669 1064 ubi
683 1014 777 1066 tanta
788 995 911 1090 injuria
923 1000 1050 1092 primos
1139 1013 1192 1080 4⁰⁵

187 1116 388 1203 Degrassata
402 1109 526 1178 duces?
538 1123 662 1177 cneum
673 1131 756 1200 gens
768 1110 879 1176 omnis
895 1125 928 1176 et
941 1127 1039 1177 aetas:

188 1226 257 1289 Nec
268 1236 400 1288 tantum
414 1222 530 1302 exciti,
542 1220 663 1288 bimari
676 1244 761 1316 quos
774 1219 914 1288 Isthmia
925 1219 1015 1288 vallo

187 1331 356 1414 Claustra,
372 1357 436 1400 nec
447 1332 624 1401 undisonae
639 1355 724 1428 quos
737 1332 856 1400 circuit
869 1333 973 1401 umbo
987 1333 1121 1418 Maleas,

189 1444 253 1513 Sed
268 1442 387 1538 procul
399 1461 534 1524 amotae‚
548 1443 672 1537 Phryxi
684 1468 751 1538 qua
764 1445 882 1512 semita
890 1438 988 1535 jungi

189 1557 428 1651 Europamque
440 1556 622 1650 Asiamque
633 1570 739 1636 vetat,
754 1577 907 1650 quasque
919 1552 1037 1621 ordine
1051 1572 1167 1648 gentes

188 1667 300 1734 Litore
312 1666 476 1761 Abydeno
488 1670 590 1734 maris
604 1665 719 1759 alligat
729 1665 822 1734 unda
833 1667 983 1760 superni.
1141 1680 1190 1747 411

178 1861 238 1929 400.
261 1863 416 1937 Proqeuiem
434 1861 499 1916 coeli.
519 1861 645 1915 Helenam
692 1861 726 1914 lo.
744 1863 806 1913 Exc.
824 1863 900 1931 Burg.
917 1879 983 1933 quos
998 1861 1098 1913 [mam
1114 1859 1195 1913 vallo.

142 1945 207 1996 Jove
224 1947 349 2014 genitam.
368 1973 404 1984 -·
421 1945 528 2016 Sparte.
552 1944 647 2014 Sparta
691 1939 1025 2012 -Bimariquoslttltmia
1036 1937 1107 1992 uallo
1119 1939 1197 1992 Clau·

143 2023 206 2076 urbs
227 2026 348 2076 Laconia
370 2025 512 2095 primaria,
532 2022 647 2075 Menelai
690 2033 752 2073 alra.
771 2021 894 2091 Intelligit
912 2022 1058 2090 angustias,
1071 2019 1196 2072 seul-atb-

143 2106 223 2175 rcgia.
653 2109 656 2123 “
691 2121 774 2166 muto,
784 2099 981 2170 undeprocedit
989 2099 1195 2171 Peloponnesus.

178 2184 239 2249 403.
261 2183 335 2234 lura.
356 2183 468 2252 Hospitii
490 2181 596 2233 scilieet.
611 2211 647 2220 —
690 2182 730 2235 lbi
752 2196 791 2236 est
813 2181 927 2234 latitudo
949 2183 1066 2253 quinque
1086 2181 1196 2236 millium

143 2262 243 2314 Fidem.
260 2262 354 2313 Datam
368 2261 464 2312 Graecis
481 2279 496 2311 a
510 2261 647 2330 Trojauis‚
690 2275 803 2315 tantum.
816 2291 850 2302 -
864 2261 967 2314 Rimari
979 2260 1059 2314 sallo.
1073 2260 1197 2334 lntellipit

142 2341 183 2394 vel
196 2341 295 2394 foedera
308 2359 364 2411 quae
375 2341 522 2391 interventu
532 2339 593 2392 fidei
605 2341 648 2392 fiis
691 2343 753 2394 binc
770 2341 906 2395 Lechaeum
921 2345 1147 2411 promontorium,
1164 2341 1197 2394 il-

141 2437 257 2475 mantur.
271 2453 303 2462 -
318 2422 436 2493 Superos.
453 2422 528 2488 Quos
542 2420 647 2474 foederis
691 2422 744 2475 linc
765 2415 827 2475 velo
850 2421 1007 2474 Cenchreas.
1030 2451 1063 2464 --
1085 2423 1198 2476 Rimari.

142 2518 222 2558 testes
233 2505 356 2566 facimus,
368 2521 414 2554 seu
425 2501 474 2553 sub
485 2519 598 2573 quorum
609 2515 649 2553 tu·
692 2503 761 2571 Quia
780 2501 870 2556 lstbmi
885 2501 968 2554 latera
984 2503 1071 2573 AEgreo
1089 2503 1155 2554 mari
1171 2515 1197 2554 et

141 2583 195 2636 tela
215 2597 276 2637 suut
293 2582 401 2654 hospitii
415 2583 494 2650 jura:
513 2597 574 2630 nam
592 2593 648 2632 erat
692 2584 767 2636 lonio
783 2581 935 2633 abluuntur.

142 2662 265 2734 luppiter
275 2663 390 2724 Xenius,
401 2677 446 2710 seu
456 2657 602 2729 hospitalis.
729 2661 789 2728 408.
807 2664 833 2715 C.
848 2681 873 2712 n.
887 2681 912 2713 u.
925 2681 950 2734 q.
966 2677 988 2714 c.
1000 2661 1078 2714 umbo
1091 2659 1196 2716 Maleoe.

179 2742 241 2808 404.
254 2742 290 2794 H.
298 2741 325 2811 f.
338 2741 370 2791 P.
385 2739 439 2790 lroec
451 2739 562 2810 qeminoe
576 2755 648 2791 com·
693 2743 751 2794 Put.
762 2755 788 2793 et
798 2743 884 2793 Peter.
896 2741 967 2792 unda
978 2739 1083 2793 Maleoe.
1091 2769 1126 2781 -
1137 2743 1197 2793 Um-

143 2821 238 2872 mercia
252 2821 378 2870 terroe?ln
388 2815 481 2868 iisdem
492 2817 553 2866 Eae.
565 2817 649 2888 perni-
693 2820 731 2871 bo.
752 2817 950 2890 Metapboriciis
970 2816 1077 2870 dorsum
1099 2831 1125 2870 et
1145 2832 1198 2870 tra·

142 2917 185 2952 aoe
203 2900 257 2951 boec
274 2897 428 2950 commercia
448 2907 529 2946 terroe.
544 2921 577 2934 -
592 2896 649 2946 Foe-
693 2912 751 2950 ctus
767 2898 951 2970 promontorii.
965 2926 998 2937 -
1011 2897 1114 2950 Maleoe.
1131 2899 1197 2950 Pro·

142 2978 197 3032 dats.
220 2975 301 3045 Quod
321 2975 385 3026 dicit
404 2973 490 3024 foed⁰⁸
511 2971 647 3024 historiam
692 2980 853 3029 montorium
864 2977 998 3040 Laconia,
1011 2989 1119 3046 quo,ut
1133 2979 1198 3028 sori-

143 3059 241 3129 tangit,
260 3075 317 3127 qua⁵
335 3055 430 3118 refert,
449 3050 523 3123 quod
539 3052 648 3121 Trojani
692 3057 729 3110 bit
749 3056 859 3126 Plinius,
878 3067 934 3106 tota
949 3056 1004 3107 fere
1020 3058 1093 3126 regio
1112 3055 1198 3107 inclu-

143 3153 204 3188 cum
213 3134 308 3187 crect-
318 3131 404 3184 foedus
414 3129 568 3194 habuerint,
576 3128 648 3182 unde
692 3137 771 3188 ditur.

143 3220 222 3270 etiam
233 3215 305 3267 Paris
321 3210 494 3264 amicabiliter
508 3224 546 3262 est
558 3229 649 3262 susce-
728 3216 789 3284 ⁴⁰9·
807 3213 858 3264 Secl
866 3209 959 3284 procul
973 3225 1080 3275 amotoe,
1096 3212 1199 3284 Phryxi

142 3309 206 3368 ptus
215 3295 346 3366 bospitio,
356 3305 382 3343 et
392 3292 429 3343 sic
438 3289 569 3342 commisit
578 3287 650 3340 adul·
692 3313 744 3367 (pm
760 3293 851 3346 semita
860 3293 952 3367 junqi.
968 3293 1032 3364 Reg.
1049 3291 1197 3364 Bprtebet,

143 3379 246 3431 terium.
266 3377 393 3428 Lectum.
411 3401 448 3411 —
465 3371 582 3423 Geminoe
602 3381 649 3423 tet·-
692 3373 736 3426 sed
752 3370 848 3444 procul
869 3371 1000 3433 admotam
1020 3373 1082 3441 Reg.
1102 3371 1136 3437 C,
1155 3371 1198 3424 ted

143 3476 186 3511 roe.
200 3461 268 3510 Asiae
283 3471 309 3508 et
323 3459 444 3525 Europa.
458 3455 611 3504 Miramur.
691 3449 785 3523 pmcul
801 3451 891 3502 amoti.
908 3451 955 3500 Eo.
971 3477 1008 3489 -
1024 3449 1126 3516 Phryxi
1143 3467 1198 3522 qua

180 3537 241 3604 405.
256 3532 496 3605 Maneatpopulor.
509 3530 595 3582 Locus
611 3541 650 3581 est
692 3531 800 3596 mila,
820 3541 869 3581 ete.
888 3527 916 3579 ld
937 3542 990 3594 est,
1010 3527 1197 3599 Hellespontus

144 3615 307 3668 concitanda
319 3613 521 3684 indignationis,
532 3629 547 3662 a
558 3610 650 3681 majori
694 3608 728 3661 ab
743 3607 816 3661 Helle
828 3607 921 3679 Phryxi
935 3625 1026 3660 sorore
1037 3611 1197 3660 nominatus.

144 3697 180 3749 ad
194 3700 294 3749 minus:
306 3697 352 3768 qui
363 3693 428 3746 lesit
443 3695 568 3762 majores,
581 3708 649 3762 quo·
693 3686 851 3742 VideTbeb.
861 3692 893 3752 V,
904 3686 964 3758 475.
973 3688 1119 3740 -Semita
1127 3688 1198 3755 Quia

144 3777 226 3830 modo
240 3779 262 3828 is
277 3793 292 3827 a
306 3772 453 3828 minoribus
465 3769 587 3822 laedendis
602 3769 649 3820 ab·
694 3767 880 3838 Hellespontus
894 3779 994 3836 septem
1006 3765 1134 3820 duntaxat
1149 3777 1200 3818 sta·

145 3855 265 3917 stinebit;
276 3857 320 3926 qni
331 3854 451 3925 injuriam
463 3851 524 3902 fecit
533 3847 649 3918 regibus,
694 3847 757 3910 diis,
769 3861 797 3897 ut
807 3849 860 3916 jam
875 3844 1002 3910 diximus,
1016 3847 1150 3916 Europam
1165 3843 1199 3896 ab

145 3931 211 4004 quid
225 3935 247 3984 is
262 3935 342 3984 faciet
352 3935 379 3984 in
392 3929 515 4002 privatis?
526 3930 631 3979 Maron.
695 3925 756 3976 Asia
773 3923 883 3988 dirimit,
900 3922 954 3974 illic
972 3921 1070 3974 babens
1086 3925 1154 3976 inter
1170 3943 1199 3976 se

181 4011 242 4079 406.
260 4011 413 4086 Depressum
425 4011 507 4062 duces.
518 4009 651 4059 Decmssa·
696 4006 831 4074 oppositas
843 4002 934 4071 urbes,
951 4004 978 4053 in
996 4003 1104 4073 Europa
1122 4002 1200 4054 catli-

146 4103 173 4144 ta
198 4093 281 4144 duces.
310 4089 387 4142 Aldd.
413 4089 498 4142 Colin.
522 4085 598 4138 Easil.
624 4099 650 4138 et
695 4082 768 4154 polin
789 4095 815 4134 et
834 4082 941 4150 Seston,
958 4083 985 4132 in
998 4083 1059 4134 Asia
1076 4083 1201 4152 Lampsa·

143 4170 231 4222 Plant.
695 4179 755 4214 curn
768 4176 794 4216 et
805 4161 927 4235 Abydon.

114 4295 117 4304 .
183 4248 244 4318 407.
258 4250 293 4302 Ν.
307 4259 324 4298 t.
338 4266 359 4298 e.
371 4248 392 4299 b.
404 4245 587 4319 quoslstltmia
598 4241 650 4296 va!-
731 4243 792 4307 411.
813 4239 1197 4312 bitoreAbydeaollxclusirm

988 4335 1041 4416 34.
