3272 5166
394 497 459 572 sot
629 496 665 558 P.
688 494 724 558 Ρ.
750 493 904 560 8ΤΑΤΙῙ
928 493 1203 564 THEBAIDOS

439 622 629 716 Abruptum
641 623 809 688 mirantur
819 622 889 712 agi:
904 643 997 688 nuno
1008 623 1153 715 impetus
1166 627 1214 691 ire

413 813 414 818 ἵ
439 737 593 828 Margine
605 733 647 801 ab
660 749 825 816 extremo,
839 755 931 802 nuno
943 750 1062 827 sponte
1073 737 1108 802 in
1120 734 1214 802 bena
1226 733 1398 806 recedunt.

439 849 483 914 Hi
495 843 629 940 praefixa
641 843 714 912 solo
725 842 855 911 vellunt
866 845 1120 912 munimina:at
1133 843 1182 911 illi
1387 859 1437 914 ⁵25

440 961 615 1026 Portarum
627 951 778 1046 objectus
790 955 964 1037 minuunt,
978 970 1011 1021 et
1022 953 1129 1022 ferrea
1140 953 1265 1023 sudant

440 1067 593 1136 Claustra
602 1062 770 1146 remoliri,
782 1061 1002 1160 trabibusque
1014 1080 1139 1134 arctata
1151 1089 1275 1134 sonoro

394 1285 515 1342 utsupra
529 1282 691 1336 correctum,
705 1271 827 1322 immane.
846 1269 891 1321 En.
937 1267 1067 1343 dsnbrog.
1088 1284 1113 1324 et
1133 1273 1211 1325 Crua.
1232 1253 1392 1344 trabibusque
1413 1282 1438 1326 et

429 1349 489 1403 523.
512 1348 658 1420 Abruptum
681 1348 810 1400 mirantur
827 1347 892 1423 aqi.-
937 1349 1031 1411 πίοις,-
1044 1348 1146 1403 Bebott.
1163 1367 1187 1416 t,
1200 1367 1231 1417 a,
1243 1351 1325 1422 Lang.
1339 1349 1435 1404 lluslid.

393 1447 465 1482 stunc
482 1427 593 1496 impetus
609 1427 653 1478 ine.
674 1426 737 1498 lieg.
757 1427 777 1476 B
796 1424 892 1492 babet,
938 1428 1024 1480 Petav.
1035 1427 1435 1482 Cantab.Venett.Aldtl.Baeil.

277 1519 283 1534 ·
392 1507 539 1578 Abruptum
551 1504 894 1558 miranturitersnuueim-
938 1519 963 1560 et
982 1507 1066 1560 Plant.
1090 1508 1251 1581 trabibusque
1270 1517 1378 1562 arctata.
1402 1538 1438 1549 ·-

391 1597 465 1660 petus
477 1586 513 1638 ire
518 1605 528 1646 ,·
539 1586 603 1655 [leg.
615 1583 651 1650 C,
666 1599 713 1634 uec
728 1585 836 1656 impetus
847 1586 892 1636 ire.
937 1585 1002 1656 Req.
1013 1585 1198 1638 Bhabethano
1208 1585 1363 1652 lectionem,
1373 1587 1436 1657 Bag.

393 1669 439 1719 liu.
458 1694 495 1706 -
517 1666 663 1736 Abruptum
688 1663 818 1715 mirantur
840 1665 892 1738 api.
937 1662 974 1729 C,
994 1664 1153 1737 trabibusque
1167 1675 1251 1718 artata
1269 1683 1369 1718 sonoro.
1389 1665 1436 1716 Eo.

393 1747 492 1798 Locum
506 1742 577 1795 bunc
593 1745 629 1794 its
645 1740 687 1794 mli
704 1741 793 1810 volui,
811 1761 894 1815 quum
936 1742 1112 1796 —Reurolirb
1123 1746 1307 1816 Disrumpere,
1319 1742 1435 1797 avellere.

392 1826 421 1878 in
433 1825 547 1895 vulgatis
560 1824 631 1894 turpi
645 1839 735 1874 errore
746 1821 892 1893 legeretur:
936 1822 1013 1874 Lacr.
1023 1853 1059 1863 -
1071 1823 1203 1877 Trabibuu
1214 1823 1328 1890 Trabes,
1338 1821 1438 1876 Machi-

392 1905 537 1976 Abruptum
557 1903 686 1956 mirantur
703 1901 772 1973 equi.
794 1900 892 1954 Probas
936 1921 975 1956 nes
985 1903 1159 1975 quibusmuri
1168 1901 1438 1955 bostiumlabefaota·

394 1985 449 2037 scio
457 1983 550 2048 lector,
557 1995 583 2034 et
590 1981 794 2053 geminationem
803 1980 892 2034 amala
936 1998 1036 2036 rentur.
1047 1986 1109 2036 Erat
1119 1997 1145 2036 et
1155 1985 1234 2036 trabes
1243 1981 1380 2049 marbino,
1390 1999 1437 2034 seu
1510 1995 1514 2005 ·

393 2081 473 2117 manu
482 2062 562 2114 luisse
570 2059 655 2112 rides:
664 2056 729 2109 illud
738 2076 790 2109 uno
797 2057 893 2128 verbo,
937 2065 1021 2128 aries,
1032 2059 1150 2130 sporta,
1162 2075 1191 2114 ut
1204 2059 1277 2133 apud
1289 2062 1437 2114 Vitruvium

393 2142 534 2194 occasione
552 2137 632 2208 hujus
648 2138 720 2190 vocis
738 2136 892 2208 abruptum,
936 2141 1032 2212 legitur
1041 2141 1263 2194 slebrobiteotura
1273 2140 1366 2207 linx,
1376 2159 1436 2214 cap.

393 2239 506 2287 moneo,
525 2218 639 2289 eleganti
657 2215 813 2287 metaphora
826 2218 893 2270 Ter·
941 2238 985 2292 19,
998 2239 1078 2292 quam
1090 2221 1320 2292 Carthaginienses
1330 2223 1438 2274 invene·

392 2301 531 2354 tullianum
543 2298 666 2351 adversus
678 2299 802 2349 Praxeam
813 2295 893 2348 dixis·
936 2313 1009 2366 rant,
1020 2320 1072 2372 qua
1080 2301 1438 2373 arietareotrnurosirnpulsa

393 2400 435 2450 se,
447 2383 468 2435 ei
482 2393 535 2434 tam
549 2379 655 2448 abrupte
669 2388 782 2440 utamur,
797 2374 891 2442 idest,
936 2380 1059 2434 manibus
1078 2381 1208 2433 militurn:
1227 2380 1324 2433 deinde
1339 2381 1437 2454 impel-

392 2475 446 2514 tam
456 2461 563 2532 precise
575 2471 602 2510 et
613 2458 669 2510 sine
681 2454 852 2509 limitatione:
866 2469 892 2509 et
936 2459 1020 2514 leode
1028 2461 1095 2514 trabi
1102 2459 1439 2530 macbiuoesdjectainstru·

392 2540 526 2592 Valerium
542 2536 587 2589 lib.
599 2537 675 2599 Vlll,
689 2553 750 2607 etp.
773 2552 796 2602 ¹,
812 2536 891 2588 abru-
936 2553 1034 2607 menta,
1042 2553 1068 2593 et
1076 2540 1149 2593 varia
1160 2543 1315 2612 excogitata.
1326 2539 1439 2612 Pephas-

389 2615 552 2691 ptoespei,i‹l
561 2628 614 2680 est,
625 2614 681 2686 spei
688 2613 808 2685 perditae,
820 2633 893 2686 pror·
936 2638 1030 2673 menne
1048 2621 1144 2692 Tyrius
1162 2619 1257 2690 adjecit
1275 2619 1388 2686 malum,
1409 2620 1437 2672 td

392 2717 437 2752 sus
449 2699 565 2752 abscisa.
579 2699 706 2748 Barsine.
715 2725 751 2735 -
761 2697 895 2749 Mirantur
937 2711 990 2763 est,
998 2700 1098 2769 tignum
1107 2699 1275 2750 arrectarinm
1283 2697 1438 2770 praecelsum

390 2779 444 2852 aqi.
457 2777 508 2849 Agl
522 2795 550 2829 se
564 2775 728 2827 mirabantur
743 2777 806 2847 eqni
823 2795 838 2830 a
852 2795 894 2829 se·
937 2777 1019 2827 instar
1030 2775 1105 2840 mali,
1117 2779 1160 2828 eui
1170 2794 1304 2849 appensus
1316 2778 1396 2844 aries,
1408 2789 1439 2829 ut

393 2856 534 2922 dentibus,
554 2873 602 2928 per
621 2854 743 2926 abrupta.
764 2857 891 2908 Lturssr.
938 2853 1439 2908 trabesmacbiualibrareturinmurum

391 2969 426 2980 -
442 2939 554 3010 Impetus
568 2937 619 2987 iroe.
633 2932 791 2987 Stultissime
804 2935 892 2988 lectio.
937 2935 1045 2986 funibus
1065 2935 1205 3006 praelongis
1229 2933 1381 2988 reducendo
1406 2953 1438 2989 se

390 3019 461 3089 Lege
471 3035 540 3070 nuuc
550 3017 660 3087 impetus
669 3016 720 3080 ire,
730 3014 853 3090 Marqiue
861 3016 892 3068 ab
936 3015 1109 3088 impellendo:
1117 3012 1437 3089 atquehicpeusilisaries.

390 3109 518 3164 extremo,
532 3114 601 3147 uuna
617 3106 707 3165 sponte
718 3095 746 3145 iu
757 3095 837 3166 frena
851 3115 892 3148 re·
936 3094 1440 3166 CetrasCarthogioiensisarietemsnb·

392 3178 494 3230 redunt.
509 3176 577 3246 Equi
589 3187 629 3226 est
644 3173 740 3226 saltum
754 3173 892 3242 audentis,
937 3187 1052 3226 rotatum
1062 3175 1132 3240 feeit,
1141 3172 1438 3246 quiderarlspendeus,

392 3269 418 3309 et
432 3269 519 3306 tamen
535 3267 605 3306 retro
623 3271 650 3304 se
667 3252 833 3319 reducentis,
847 3253 893 3305 de·
936 3250 1027 3304 itiulem
1037 3250 1178 3304 libraretur
1189 3265 1260 3304 teoto
1270 3253 1347 3306 coriis
1359 3251 1438 3305 bibu-

391 3336 582 3409 soriptio.Cum
594 3334 632 3386 iro
643 3348 730 3385 tamen
739 3332 782 3384 illa
792 3351 839 3385 sua
849 3334 893 3386 ele·
936 3329 967 3381 lis
981 3331 1094 3396 ambitu,
1106 3344 1136 3383 ut
1149 3329 1224 3382 militi
1236 3332 1282 3403 qui
1290 3333 1377 3404 ipsum
1389 3333 1438 3385 irn-

391 3417 502 3468 lirarunt
521 3410 727 3478 lindenbrogii,
749 3409 891 3480 bernartii,
936 3411 1051 3484 pellebat
1071 3426 1216 3464 caveretur.
1236 3413 1338 3484 Equum
1357 3432 1438 3482 vero,

391 3495 468 3562 Aldi,
483 3507 562 3565 atque
577 3489 632 3543 aliu
642 3489 780 3542 editiones.
795 3491 890 3545 Bnnru.
937 3495 983 3564 qni
1002 3495 1068 3546 an'es
1087 3492 1193 3554 dicitur,
1209 3491 1281 3546 inor
1295 3490 1403 3563 bipenne,
1423 3492 1440 3548 s*

427 3574 488 3641 524.
503 3574 537 3624 In
543 3570 623 3642 frena
637 3570 764 3621 recedunt.
774 3573 804 3622 ln
813 3573 892 3624 vesti·
935 3571 1071 3642 leopham,
1083 3570 1185 3639 ifsmir
1196 3573 1310 3625 Homero
1321 3573 1438 3641 dietum,

390 3655 435 3725 qia
449 3652 575 3710 redeunt;
590 3648 670 3701 inodo
686 3649 785 3700 abeunt
798 3649 891 3703 alncn‘-
935 3655 1033 3705 invenit
1052 3654 1141 3724 Epeus
1162 3652 1195 3704 ad
1215 3655 1341 3724 l'rojam,
1360 3657 1439 3725 cujus

390 3746 444 3784 tete
457 3728 626 3796 transeundi,
638 3728 717 3780 modo
729 3731 822 3782 timore
833 3730 891 3784 alti·
936 3733 1030 3784 trabem
1041 3733 1204 3785 nraabinaml
1213 3734 1264 3804 ipsi
1273 3733 1379 3800 milites,
1390 3735 1439 3806 qui

390 3811 489 3866 tudinis
500 3823 642 3864 retrorsum
655 3811 775 3863 redeunt.
790 3814 867 3867 Leon.
935 3815 1005 3864 intus
1024 3826 1115 3879 erant,
1136 3811 1257 3864 manibus
1279 3813 1337 3864 sine
1354 3811 1439 3863 libra-

425 3892 486 3946 526.
497 3892 633 3944 Portarum
641 3891 888 3962 oly'ecturminuunt.
935 3903 1026 3942 mento
1038 3889 1216 3963 impellerent,
1234 3903 1264 3942 ut
1279 3890 1371 3942 son'bit
1383 3887 1439 3942 Pli-

388 3971 419 4020 ln
433 3968 515 4020 altero
530 3966 623 4019 Bebot.
640 3968 765 4020 muniunt
778 3988 827 4040 pro
839 3971 890 4022 mi·
934 3971 993 4022 nius
1009 3967 1056 4020 lib.
1066 3971 1128 4035 Vll,
1144 3989 1202 4040 cap.
1217 3971 1259 4038 57.
1269 3967 1337 4022 Vide
1349 3969 1439 4020 Vitru-

390 4057 483 4099 uuuut.
934 4051 1019 4113 vium,
1029 4047 1196 4116 Athenaeum,
1207 4050 1378 4114 Pausaniam,
1390 4050 1439 4101 Ju-

424 4125 484 4196 ⁵²7·
498 4123 615 4178 ctutum
626 4122 889 4190 remoliri,trabibus-
934 4125 1065 4198 sepham,
1086 4140 1112 4179 et
1132 4127 1301 4182 Ammianum
1322 4123 1439 4179 Marcel-

388 4224 438 4277 que
448 4213 548 4258 arctata
562 4221 662 4256 sonoro.
675 4203 742 4257 Dan.
756 4206 813 4255 Pur.
826 4207 889 4256 lin-
933 4205 1025 4258 linum.
