3256 5160
376 561 444 630 506
585 563 622 624 P.
648 561 685 624 P.
711 559 867 626 STATIl
892 559 1221 628 ncutLLEmos

421 691 1155 784 Illiratur,oomitquesenex,nuncpectora
1165 687 1337 771 mulcens,

421 805 520 868 Nunc
531 799 635 868 fortes
647 797 971 892 humerostangtmt
983 823 1046 868 sua
1057 798 1346 891 gaudianam.

382 947 390 968 ι
421 915 520 978 Tunc
533 908 640 978 libare
651 909 776 1004 dapes,
789 908 1016 1004 Bacchaeaque
1027 935 1170 979 munero
1181 911 1309 980 Chimn

421 1023 564 1104 Orat‚et
574 1023 752 1090 attonitam
763 1023 856 1090 vario
868 1020 1093 1090 oblectamine
1104 1021 1275 1104 mulcens,
1382 1036 1432 1090 185

422 1131 520 1200 Elicit
530 1149 682 1202 extremo
694 1131 837 1225 chelyn,
850 1149 884 1200 et
896 1131 1038 1200 solantia
1049 1157 1149 1200 curas

422 1243 493 1310 Fila
505 1259 635 1324 movet,
647 1241 834 1338 leviterque
845 1261 1002 1336 expertas
1015 1243 1137 1336 pollice
1147 1241 1294 1312 chordas

421 1359 487 1422 Dat
498 1378 623 1446 puero:
639 1359 731 1422 canit
742 1354 799 1422 illc
811 1352 921 1424 libens
932 1356 1092 1422 immania
1103 1353 1244 1422 laudum

422 1468 571 1550 Semina,
584 1470 643 1562 qui
656 1465 795 1534 tumidae
807 1469 975 1560 superavit
983 1463 1079 1559 jussa
1090 1489 1247 1535 novercae

421 1575 759 1672 Amphitryoniades:
772 1579 917 1646 crudum
929 1601 999 1672 qno
1011 1577 1161 1671 Bebryca
1172 1595 1278 1646 caestn
1381 1603 1431 1655 190

374 1806 453 1856 storia
461 1817 488 1856 et
496 1805 879 1878 Pollucia,ventoaqueatatim
922 1823 1026 1858 summa
1037 1803 1174 1878 niumphi.
1186 1825 1197 1850 ι
1209 1799 1373 1856 Claudianus
1381 1803 1432 1868 ll’l,

373 1883 525 1936 concidisse
531 1897 745 1958 ettempettatem
751 1905 878 1940 cessasse.
923 1887 1005 1937 Cone.
1018 1885 1144 1952 Eunoni,
1155 1884 1213 1948 Vll,
1226 1883 1261 1954 59
1272 1905 1278 1933 ι
1295 1880 1372 1934 nhzc
1387 1899 1432 1934 ae·

413 1965 471 2018 183.
486 1966 595 2041 Anpunt
606 1985 652 2020 ena
662 1967 770 2040 qaudia.
783 1967 879 2034 Quare
923 1966 996 2017 mina
1016 1963 1145 2026 laudum,
1162 1961 1224 2014 nec
1243 1959 1364 2033 exempla
1381 1959 1433 2012 da-

372 2042 520 2114 gaudebat‚
527 2045 620 2098 eudem
629 2047 778 2118 ungebatur
788 2061 814 2098 et
821 2065 881 2099 cru·
923 2047 980 2099 but.
990 2070 1002 2094 ι
1013 2046 1148 2098 Immania
1159 2057 1248 2097 autem
1258 2043 1358 2095 semina
1370 2041 1433 2094 lau-

372 2123 494 2178 ciabatur
512 2125 669 2197 :gaudebat
690 2141 764 2182 tanta
783 2129 879 2181 virtute
924 2125 988 2178 dum
998 2139 1059 2177 eunt
1070 2126 1143 2178 lacta
1152 2126 1268 2176 virorum
1277 2120 1434 2188 illustrium,

372 2217 399 2255 et
407 2203 563 2259 lot-titudine
574 2206 799 2280 filii3anpebntue‚
807 2205 880 2282 qnod
925 2223 984 2276 qna·
1002 2203 1084 2256 veluti
1105 2215 1166 2256 eunt
1184 2201 1284 2256 semina
1302 2197 1433 2252 laudauit.-

372 2281 479 2336 videbat
491 2286 563 2352 lore,
577 2300 606 2337 ut
617 2286 711 2340 eadem
724 2291 807 2340 virtue
820 2307 881 2359 pro-
924 2286 1048 2354 infleeunt
1066 2284 1137 2334 enirn
1156 2279 1326 2336 audientibus
1345 2277 1434 2330 landis

371 2363 478 2436 pediem
490 2367 596 2435 periret.
610 2369 765 2420 Μιτυιιιιτ.
925 2359 1104 2433 adipiscenda
1125 2358 1308 2432 cupiditatem.
1329 2355 1432 2410 ldcirco

412 2443 471 2511 184.
487 2444 518 2496 T.
530 2443 550 2496 l.
562 2446 588 2498 d.
603 2445 781 2518 Baccheaque
792 2465 882 2498 mune·
925 2459 984 2492 mos
1007 2454 1064 2492 erat
1085 2439 1157 2511 apud
1180 2441 1286 2494 Graecos
1306 2449 1434 2508 prestan-

373 2543 403 2576 ro
423 2523 528 2576 Chiron.
552 2524 721 2600 Baccheaque
741 2527 773 2579 T.
796 2527 826 2577 tt.
850 2538 881 2577 ut
925 2524 991 2574 tium
1010 2525 1126 2575 virorum
1140 2539 1180 2574 res
1195 2535 1282 2592 gestat
1298 2521 1325 2570 in
1342 2519 1435 2572 convi-

373 2617 478 2676 oportet
495 2604 574 2658 scribi
590 2625 604 2657 a
620 2606 740 2672 Βιιχιῖοι.
755 2607 834 2658 Nunc
848 2605 880 2658 li·
924 2602 972 2654 niis
987 2619 1100 2667 canere,
1115 2617 1168 2672 quo
1183 2597 1320 2650 audientet
1335 2595 1434 2650 advir-

373 2685 433 2736 liare
441 2683 880 2761 dapeelioccltoeaqnedldd.Colin.
925 2695 1010 2735 tutem
1034 2681 1271 2736 inflammarentur.
1296 2677 1351 2746 Qui
1375 2693 1434 2728 tuoe

373 2763 452 2817 Baeil.
463 2777 489 2815 et
499 2765 584 2818 Plani.
926 2765 1006 2816 etiam
1022 2759 1095 2834 apud
1111 2773 1212 2814 vetere·
1227 2755 1321 2810 Gallos
1339 2755 1434 2810 obser·

413 2842 470 2896 185.
495 2845 575 2912 Orat,
598 2857 623 2898 et
645 2843 787 2897 attonitam
810 2846 881 2896 vario
926 2857 1011 2898 vatus.

372 2918 544 2976 oblectamine
569 2923 694 2976 mulcens.
722 2927 780 2978 Put.
809 2923 882 2976 naria
965 2925 1023 2994 189.
1042 2923 1164 2988 Semina,
1179 2921 1226 2994 qni
1240 2918 1434 2988 tumidoe.1leg.

372 3000 547 3057 oblectamine
559 3017 670 3058 nectens.
682 3001 881 3074 -ttepttha
926 3005 945 3056 B
964 3002 1059 3068 hahet,
1078 3001 1202 3064 Semina,
1220 2999 1293 3073 quod
1310 2997 1433 3056 tumide,-

372 3077 430 3146 bet,
449 3085 527 3150 Orat,
542 3094 567 3136 et
580 3084 698 3136 attonitoe
712 3084 783 3134 vario
797 3079 881 3134 attec-
925 3087 990 3155 lleg.
1009 3086 1031 3136 C
1049 3095 1167 3136 nostram
1186 3079 1247 3133 lect.
1265 3081 1311 3132 En.
1328 3108 1364 3119 -
1381 3079 1434 3149 Qui

373 3161 472 3213 tamine
489 3165 683 3234 necteaulleg.
704 3162 880 3214 Cattonitam
926 3161 1036 3214 tumide
1066 3159 1192 3233 superarit
1212 3160 1287 3230 jaasia
1319 3173 1434 3210 noneruae

373 3241 446 3292 vario
458 3241 630 3294 oblectamine
642 3253 753 3294 nectens.
925 3239 1184 3313 Amphitryoniades.
1210 3239 1305 3306 Canii,
1327 3237 1433 3308 inquit,

412 3317 471 3389 187.
489 3321 623 3392 Expertae.
637 3323 654 3374 l.
669 3343 691 3374 e.
703 3325 777 3394 prius
790 3321 881 3393 explo-
927 3320 1064 3395 quomodo
1096 3319 1224 3373 Herculea
1254 3338 1303 3390 per
1336 3317 1432 3370 multas

373 3410 459 3460 [ειυς
474 3411 503 3448 ut
519 3417 534 3450 a
551 3398 708 3471 cptharoedis
724 3401 779 3455 lieri
796 3401 880 3468 solet,
925 3421 1055 3456 aerumnas
1074 3413 1194 3453 monstra
1209 3400 1384 3472 superaverit,
1401 3415 1433 3450 ex

374 3477 419 3546 qui
435 3490 577 3548 antequam
593 3477 736 3550 tagininum
753 3478 882 3539 inchoent
922 3487 999 3554 jussu
1012 3483 1125 3535 lunonis
1137 3499 1255 3532 novercae
1268 3497 1324 3550 quae
1335 3479 1433 3530 Hereu-

373 3569 495 3620 cnntum,
505 3555 620 3608 cliordnu
631 3560 751 3628 pectine,
762 3561 815 3610 sive
825 3557 882 3630 pol·
926 3565 976 3616 lem
991 3567 1100 3617 omnino
1115 3562 1227 3635 perdere
1239 3559 1376 3632 cupiebat,
1386 3577 1435 3612 va-

373 3631 423 3684 lice
442 3650 616 3704 percurrunt,
637 3650 666 3687 ut
681 3640 829 3689 concinnus
848 3639 881 3690 eit
927 3647 970 3697 riis
985 3664 1046 3698 eum
1058 3646 1183 3696 monstris
1196 3639 1357 3713 objiciendo,
1368 3641 1434 3692 Am.

373 3734 464 3766 earum
478 3733 568 3768 onnus.
589 3719 714 3771 Baium.
926 3722 1139 3796 phiteyoniadea,
1166 3721 1295 3774 Hercules
1321 3717 1434 3790 Amphi-

412 3795 470 3848 188.
492 3795 570 3849 Caait
588 3795 635 3848 ille
653 3797 734 3852 libeas
752 3799 880 3850 immania
926 3805 1027 3878 tryonis
1040 3817 1066 3855 et
1077 3803 1208 3856 Alcmene
1221 3799 1298 3852 filius.
1310 3799 1385 3850 Βιιιτ.

373 3875 482 3928 laudum
496 3879 611 3929 Semina.
623 3879 666 3932 Sic
676 3880 786 3934 Ovidius
796 3882 879 3952 Epist.
965 3899 1022 3952 ¹9⁰·
1048 3882 1082 3934 A.
1109 3881 1218 3934 crudam
1241 3897 1294 3951 qno
1319 3877 1435 3946 Belnyca

372 3955 417 4006 lX.
428 3955 558 4026 Dejonirae
568 3977 591 4009 v.
605 3958 648 4012 83.
662 3961 791 4012 «Eximiis
802 3979 881 4032 pom·-
925 3972 1010 4014 cuttu.
1024 3961 1105 4030 Long.
1117 3961 1194 4012 Laut.
1208 3957 1306 4010 Buslid.
1317 3956 1433 4028 Lipsian.

373 4037 414 4106 pis
430 4036 554 4088 immania
570 4043 669 4090 semina
686 4039 805 4090 laudum.
818 4063 828 4086 ι
846 4041 880 4090 Ut
925 4043 992 4093 Dan.
1004 4041 1062 4091 Put.
1073 4043 1160 4090 Petav.
1172 4052 1198 4090 et
1208 4035 1269 4102 edd.
1281 4048 1344 4088 vett.
1354 4035 1434 4088 enada

373 4132 405 4166 ex
417 4115 536 4168 Puteano
551 4116 644 4168 codice
658 4117 786 4169 Nicolnus
798 4119 881 4170 lleiu-
925 4138 993 4194 qno,
1008 4133 1060 4172 etc.
1076 4120 1093 4170 i.
1109 4138 1131 4170 e.
1147 4119 1224 4184 crud,
1237 4116 1358 4182 crudum,
1373 4133 1435 4168 cnt-

374 4193 880 4268 eiutrestituit‚qunminvulgatislega·
925 4199 996 4250 dnm.
1024 4196 1220 4250 «scribendum
1247 4194 1325 4248 cnido
1349 4193 1431 4268 qui.»

375 4288 439 4326 tur:
464 4275 592 4328 «Eximiis
618 4279 723 4350 pompis
747 4279 880 4350 preconia
926 4277 1142 4348 Baraba-Rem
1160 4276 1179 4328 B
1194 4273 1432 4342 exhibenamtam
