3272 5166
380 573 447 640 330
613 573 647 636 P.
676 574 709 634 P.
736 569 888 638 STATii
913 568 1185 636 THEBAIDOS

423 702 509 765 Tam
520 697 652 766 diversa
663 695 767 763 mihi?
778 699 938 762 nimirum
951 698 1093 764 Martius
1106 697 1242 788 anguis,

338 823 341 832 '
422 815 571 904 Quaeque
586 811 681 876 novis
693 831 859 900 proavum
870 804 971 875 telius
982 804 1130 875 effloruit
1141 810 1253 874 annis.

423 921 510 986 Hinc
521 920 624 988 animi
637 919 765 999 tristes,
779 921 971 1012 nimiusque
983 923 1017 984 in
1030 933 1164 1010 pectore
1176 921 1326 994 Mavors,

422 1035 464 1098 Et
475 1030 517 1099 de
529 1047 635 1098 matre
647 1029 732 1098 nihil
744 1057 750 1096 :
763 1047 885 1123 sponte
897 1053 939 1098 en
952 1031 1109 1124 ultroque
1121 1046 1292 1123 peremtus

423 1144 587 1235 irrumpis
600 1158 735 1211 maistas
747 1141 823 1208 fatis
836 1141 1030 1211 nolentibus
1042 1141 1192 1212 umbras.
1368 1151 1420 1202 810

422 1256 483 1318 Ast
493 1267 626 1342 egomet
637 1256 786 1334 Danaos,
800 1257 1022 1345 Capaneaque
1034 1251 1099 1318 tela
1112 1249 1260 1318 verebar.

423 1365 503 1429 Hteo
510 1377 595 1442 erat,
604 1361 864 1431 haecmetuenda
872 1385 1008 1445 manus,
1019 1363 1226 1456 ferrumque,
1234 1358 1324 1454 quod
1334 1380 1451 1426 amens

422 1475 499 1564 Ipsa
511 1472 588 1540 dedi
602 1497 608 1538 :
622 1472 746 1556 viden',
761 1491 797 1540 ut
807 1472 927 1566 jugulo
939 1475 1162 1540 consumserit
1173 1474 1311 1539 ensem?

423 1582 528 1652 Altius
541 1583 631 1652 haud
644 1587 824 1680 quisquam
836 1590 990 1666 Danaum
1003 1606 1167 1653 mucrone
1179 1582 1336 1651 subisset.
1350 1611 1363 1640 n

468 1698 599 1763 Diceret
609 1697 725 1764 infelix
737 1701 922 1766 etiamnum
934 1715 968 1766 et
979 1715 1100 1766 cuncta
1112 1695 1257 1788 repleret
1368 1705 1417 1756 815

419 1809 601 1895 Questibus
614 1838 621 1878 :
635 1811 810 1880 abducunt
821 1816 975 1892 comites,
988 1809 1191 1904 famulasque
1201 1831 1358 1902 perosam

420 1918 570 1990 Solantes
583 1921 799 2018 thalamoque
812 1940 945 1992 tenent:
959 1923 1053 1992 sedet
1065 1937 1159 1990 eruta
1173 1919 1279 1988 multo

421 2034 541 2122 Ungue
553 2055 655 2124 genas
669 2060 675 2098 :
690 2056 758 2100 non
769 2032 828 2100 iila
840 2033 948 2114 diem,
962 2057 1031 2099 non
1044 2031 1144 2100 verba
1157 2045 1356 2124 precantum

372 2303 395 2335 r.
409 2285 688 2354 179,«·Etintumuios
700 2293 720 2340 si
731 2291 872 2362 quidinaie
917 2291 1062 2342 Menoeceu.
1088 2317 1120 2326 -
1143 2285 1194 2338 Adi
1216 2287 1361 2337 Excursum
1384 2285 1418 2336 sd

343 2411 346 2421 ,
372 2365 435 2414 toeta
453 2364 560 2434 reliquit
577 2365 670 2417 Meter.
683 2391 697 2436 ιιΙ
710 2365 788 2420 Ovid.
808 2371 871 2421 Met.
917 2367 1025 2439 elegiam
1036 2370 1068 2421 de
1078 2367 1144 2440 Spe,
1157 2385 1195 2420 ve.
1207 2381 1239 2434 ²9
1250 2379 1275 2419 et
1286 2364 1334 2432 ³0,
1343 2367 1416 2418 Poet.

371 2445 408 2510 11,
418 2463 441 2495 v.
457 2444 520 2510 148:
534 2447 678 2518 aliumque
689 2447 873 2520 maieoptatos
917 2451 973 2500 Lat.
990 2453 1053 2501 Min.
1070 2462 1133 2499 tom.
1149 2449 1187 2512 tt,
1201 2465 1228 2517 p.
1246 2446 1313 2510 186,
1327 2444 1364 2496 ibi
1375 2445 1418 2494 in-

371 2523 492 2575 nondum
502 2527 600 2595 premis
613 2527 712 2578 inscius
725 2545 793 2579 axes.
806 2553 817 2575 ι
916 2531 1004 2580 venies
1024 2545 1081 2599 quie
1101 2527 1212 2578 diximus
1234 2523 1267 2576 de
1284 2523 1335 2576 hoc
1355 2522 1417 2574 ineo

407 2603 468 2672 807.
490 2604 538 2675 Qq.
563 2619 590 2654 n.
612 2623 640 2675 p.
664 2603 738 2658 tellus
757 2607 874 2684 effloruit
917 2609 1070 2678 Papiniano.
1091 2609 1138 2658 En.

371 2682 457 2734 annis.
466 2683 494 2732 in
504 2681 750 2754 quibusdamcodd.
760 2686 871 2738 Barthii:
954 2687 1012 2738 813.
1029 2685 1127 2739 Viden'.
1136 2683 1331 2758 Syliebsquutn
1340 2695 1418 2734 netu·

370 2760 488 2838 effloruit
501 2763 575 2814 omit.
591 2791 628 2802 --
642 2763 768 2836 Effloruit
784 2767 870 2818 armis.
917 2765 1006 2817 taliter
1018 2764 1098 2835 ionga
1111 2768 1156 2831 sit,
1169 2779 1258 2815 temen
1267 2781 1324 2815 eam
1337 2765 1418 2814 corri-

370 2840 871 2916 Quideserpenteiilo‚eujuandmus
917 2847 991 2917 pair,
1012 2858 1118 2898 secutus
1139 2847 1306 2896 autoritatem
1325 2845 1417 2894 Maro-

370 2934 473 2973 severnt
496 2920 606 2990 dentes,
633 2923 719 2976 Creon
743 2925 873 2978 Menoeeei
918 2927 958 2976 nis
980 2922 1223 2990 dicentis‚AEneid.
1242 2923 1416 2991 V1‚v.780:

371 3001 867 3076 pateraserpentibusduxitoriginem
921 3005 1028 3058 «riden'
1048 3019 1076 3056 nt
1095 3007 1205 3076 gemina
1225 3017 1294 3056 stent
1319 3003 1418 3053 vertice

371 3083 489 3152 queritur
521 3099 582 3153 ergo
614 3097 698 3136 meter
730 3087 870 3150 Menoecei‚
918 3087 1038 3136 criste.»
1063 3115 1099 3124 -
1125 3084 1296 3136 Consumserit
1321 3097 1415 3132 ensem

371 3162 459 3211 omnia
478 3159 551 3212 ilium
566 3179 581 3212 a
596 3175 670 3233 patre
686 3163 827 3228 habuisse,
845 3177 872 3216 et
916 3165 986 3232 Quia
995 3177 1078 3216 toturn
1088 3177 1194 3236 pectore
1203 3163 1415 3232 recepitferrum.

370 3237 478 3290 nihiide
488 3253 584 3305 matre,
595 3253 620 3292 et
629 3240 871 3294 indeiilumamore
952 3244 1012 3310 814.
1032 3245 1114 3296 Haud
1122 3245 1267 3316 qnisquam.
1284 3243 1343 3292 Non
1356 3253 1417 3291 tan-

370 3321 463 3370 mortis
477 3319 624 3390 abreptum.
644 3321 721 3372 Lim.
916 3334 969 3372 tam
979 3323 1012 3373 ab
1020 3322 1096 3374 hoste
1105 3320 1296 3374 fuissetinftxut
1304 3317 1415 3389 gladius.

407 3399 466 3468 809.
485 3399 522 3450 Et
539 3401 570 3451 de
584 3410 667 3450 matre
682 3397 767 3450 ntltt:
782 3411 872 3474 monte
951 3403 1011 3455 815.
1032 3403 1064 3454 D.
1083 3404 1100 3454 i.
1118 3419 1140 3455 e.
1157 3414 1182 3454 et
1194 3412 1285 3452 cuneta
1299 3396 1414 3470 repleret.

370 3497 402 3528 en
420 3478 684 3550 ultroqueperemnn.
698 3477 764 3531 Vide
777 3500 803 3552 p.
821 3481 871 3534 268
917 3481 991 3532 Unus
1014 3482 1104 3533 Beiiot.
1127 3489 1219 3532 cuneta
1238 3477 1360 3550 replesset.
1381 3507 1416 3518 -

370 3569 434 3609 tom.
449 3561 460 3609 i
475 3557 586 3626 hujusce
600 3557 694 3627 open's.
917 3561 1019 3612 Diceret
1030 3561 1128 3632 infelix
1143 3571 1168 3612 et
1184 3557 1301 3630 repleret.
1316 3561 1365 3609 Pro
1376 3555 1416 3606 di·

406 3639 466 3691 810.
492 3637 562 3688 Fatis
585 3634 741 3690 nolentibus.
766 3637 871 3691 Diutius
916 3640 995 3691 xisset
1008 3651 1033 3690 et
1045 3639 1206 3711 replevisset.

371 3718 439 3768 enirn
451 3717 559 3767 vixisses
571 3733 619 3786 per
629 3717 692 3767 fata.
952 3719 1011 3770 816,
1033 3719 1179 3789 Quaestione,
1197 3729 1245 3768 eto.
1267 3713 1416 3768 Plenetilns

407 3795 466 3846 811.
487 3795 534 3846 Ast
544 3806 645 3868 epomet
655 3795 775 3863 Danaos,
789 3799 870 3869 Capu·
915 3811 964 3868 pro
978 3795 1111 3870 Questibns
1121 3799 1147 3849 in
1163 3797 1256 3849 eodem
1268 3795 1357 3848 Beirot.
1371 3812 1416 3845 oo-

371 3892 469 3946 neuque
477 3873 528 3926 tela
536 3875 645 3927 veretur.
653 3877 688 3928 At
695 3889 870 3950 epometunns
916 3878 981 3929 dine.
995 3907 1031 3917 -
1043 3877 1174 3930 Perosam.
1188 3877 1256 3931 Odio
1273 3874 1415 3927 habentem

371 3951 462 4004 Behot.
480 3953 528 4005 Ast
542 3973 588 4026 epo
605 3953 646 4006 vel
659 3957 765 4008 Danaos
778 3959 870 4028 optimi
916 3958 1091 4009 consolantes.
1111 3959 1187 4009 Lacr.

371 4027 449 4086 codd.
462 4035 567 4086 Barthii.
577 4063 612 4074 -
621 4036 685 4108 Bag.
699 4035 825 4104 Bhnbet,
835 4037 872 4089 At
951 4039 1011 4090 818.
1027 4038 1057 4089 U.
1066 4055 1092 4110 p.
1105 4057 1130 4088 n.
1143 4037 1160 4087 i.
1173 4037 1197 4088 d.
1210 4053 1262 4086 non
1275 4033 1348 4084 veina
1359 4049 1416 4103 pn.»

371 4124 470 4186 eqomot
486 4115 604 4175 Danaos;
619 4116 682 4186 Reg.
697 4117 733 4182 C,
748 4116 794 4169 Ast
809 4135 870 4188 epo·
915 4132 1028 4172 rantum.
1049 4121 1137 4170 iioins.
1153 4121 1179 4169 in
1194 4117 1299 4169 Advers.
1315 4135 1342 4186 p.
1363 4115 1414 4183 529
1493 4113 1495 4118 ’

372 4203 424 4244 niet
437 4192 537 4246 Graios.
915 4197 992 4267 legit:
1005 4215 1058 4249 non
1069 4198 1142 4248 verbo
1152 4207 1309 4270 precantem.
1317 4221 1353 4231 —
1364 4193 1415 4242 Un-

408 4273 466 4323 812.
488 4271 550 4324 Hoeo
567 4286 628 4326 erat.
646 4275 702 4324 Tun
723 4273 836 4340 scilicet,
853 4293 868 4324 o
912 4295 965 4346 pue
977 4295 1063 4347 qenes.
1079 4279 1113 4327 Ut
1125 4277 1153 4326 fn
1169 4279 1195 4326 in
1209 4275 1290 4325 luctu.
1305 4301 1340 4310 -—
1353 4273 1413 4324 Non
