3272 5166
632 496 776 560 LIBER
799 496 839 559 X.
1193 501 1258 568 303

261 635 324 696 Par
335 629 446 721 operis
454 622 586 720 jactura
597 623 711 710 lucr03
725 626 852 720 quippe
862 623 959 694 hoste
970 641 1101 696 retento

261 736 443 806 Exclusere
455 758 553 804 suos:
568 733 658 803 cadit
668 737 757 803 intra
767 737 891 803 moenia
901 738 1022 804 Graius

262 852 447 930 Ormenus,
460 861 494 915 et
505 871 629 941 pronas
641 842 809 914 tendentis
822 850 1015 940 Amyntoris
1027 847 1141 934 ulnas,
1210 864 1262 919 515

261 959 515 1054 Fundentisque
526 981 660 1051 preces,
671 961 806 1051 penitus
818 960 947 1026 cervice
959 961 1065 1026 recisa

262 1069 373 1137 Verba
385 1068 457 1138 solo
468 1066 652 1163 vultusque
664 1066 802 1148 cadunt,
815 1064 969 1161 colloque
981 1067 1123 1138 decorus

263 1183 409 1274 Torquis
421 1182 456 1246 in
468 1177 606 1246 hostiles
619 1176 738 1245 cecidit
749 1201 810 1270 per
821 1175 945 1245 vulnus
958 1201 1087 1246 arenas.

310 1288 456 1358 Solvitur
467 1292 595 1356 interea
605 1285 749 1369 vallum,
762 1288 946 1380 primaeque
958 1297 1140 1372 recusant,
1162 1334 1169 1372 .·

264 1402 357 1468 Stare
368 1423 471 1467 morae
482 1396 571 1492 :jam
584 1421 620 1466 se
632 1397 784 1491 peditum
795 1394 936 1489 junxere
948 1414 1089 1466 catervae
1156 1396 1164 1412 ’
1185 1441 1195 1484 ι;
1212 1413 1264 1470 520

265 1509 434 1579 Moenibus
448 1537 456 1578 :
469 1527 504 1577 nt
515 1507 647 1603 patulus
659 1509 746 1577 saltu
758 1511 985 1580 transmittere
996 1510 1104 1578 fossus

265 1625 395 1688 Horror
406 1621 500 1715 equis
516 1644 522 1684 :
538 1619 667 1687 haerent
679 1617 817 1712 trepidi,
831 1635 932 1713 atque
944 1604 1264 1713 immane'paventes

221 1814 720 1887 optimusBartb.1indenbr.etCrno.
802 1815 862 1868 518.
883 1815 914 1868 T.
930 1813 947 1866 i.
962 1813 988 1864 d.
1005 1815 1097 1868 reoidit
1112 1814 1267 1887 pernotum

220 1895 397 1970 Profrirrpunt
408 1895 499 1950 Behot.
517 1913 539 1963 1,
552 1915 567 1948 a
579 1915 613 1948 111.
627 1914 668 1966 pr.
679 1898 722 1948 Li-
765 1909 865 1945 oronos.
884 1896 914 1945 iu
933 1891 1026 1946 eodem
1044 1892 1136 1946 Behot.
1157 1893 1265 1948 endirez

222 1976 547 2048 psian.etbiuaeGrouovii
556 1973 722 2041 membrana,
766 1974 858 2026 cecidit
870 1974 993 2047 profusus
1008 1993 1108 2028 uteros.
1120 2003 1157 2016 -··
1169 1977 1268 2030 Cecidit

222 2073 282 2108 oum
292 2053 353 2108 edd.
363 2054 481 2108 Gronov.
491 2053 579 2106 Barth.
591 2066 617 2106 et
625 2051 720 2124 Delph.
764 2071 814 2126 per
824 2051 924 2107 vulnus.
937 2053 1014 2106 Collo
1026 2055 1109 2107 inciso
1124 2071 1178 2106 non
1191 2069 1268 2126 pote·

221 2133 394 2206 Profundum
405 2133 497 2186 Behot.
513 2150 536 2199 1,
550 2151 565 2184 a
577 2151 612 2184 m.
625 2151 678 2185 sec.
687 2157 722 2174 ·-
766 2146 808 2184 rat
819 2150 926 2184 menore
937 2147 1053 2204 torques.
1062 2136 1102 2186 ltu
1114 2133 1267 2204 Propertius

224 2215 347 2288 Ponqoeo.
372 2214 502 2284 Pangaea,
528 2229 574 2264 seu
598 2212 723 2280 Propous
767 2210 868 2276 nutv,
881 2211 913 2264 de
923 2212 998 2265 Gallo
1008 2213 1268 2282 torquatoaManlio

224 2311 301 2344 mous
313 2290 446 2358 Thraciae,
460 2294 486 2344 iu
499 2310 553 2362 quo
565 2305 642 2357 sunt,
657 2293 723 2344 refe-
768 2293 873 2345 oooiror
889 2294 1022 2365 :Torquio
1034 2291 1067 2344 ab
1080 2294 1162 2345 incisa
1171 2292 1271 2347 decidit

225 2386 299 2426 rente
309 2371 461 2436 Herodoto,
473 2389 552 2424 aures
565 2384 591 2424 et
600 2385 725 2442 argentea
769 2390 837 2425 unoa
848 2371 919 2443 guia.
931 2395 943 2420 ι

225 2451 340 2504 metalla.
359 2449 402 2502 sd
419 2449 498 2521 hujus
516 2451 619 2504 radices
640 2453 724 2504 amuis
804 2451 865 2522 519.
879 2450 998 2504 Solvitur
1007 2451 1103 2503 interea
1118 2450 1227 2504 vodium.
1239 2451 1268 2504 id

225 2532 323 2585 Nestus
336 2531 403 2584 fluit.
414 2561 451 2571 —
459 2532 536 2584 Conf.
551 2530 628 2584 ovid.
641 2533 724 2603 Epist.
770 2545 825 2596 est,
839 2532 986 2604 irruptione
998 2533 1156 2602 Argivorum
1167 2531 1270 2588 labeta-

225 2613 313 2681 xvir,
325 2612 374 2682 ¹39
381 2625 407 2664 et
416 2625 472 2665 uot.
483 2610 517 2664 sd
525 2611 599 2666 huno
607 2630 725 2678 versum,
769 2624 865 2664 utatur.

226 2704 297 2744 uost.
309 2691 371 2744 edit.
386 2705 449 2744 som.
463 2691 488 2754 1,
502 2709 563 2763 pag.
576 2690 636 2744 318.
650 2690 696 2742 Eu.
806 2688 866 2743 520.
879 2691 970 2742 Moru.
981 2689 1022 2740 du
1032 2690 1078 2760 qui
1090 2687 1270 2744 defendebant

263 2769 324 2823 513.
343 2771 408 2824 Pars
425 2771 507 2844 operis
518 2775 627 2844 jactura
645 2768 725 2823 tuem.
769 2769 884 2836 rollum,
897 2788 930 2822 au
942 2787 1005 2820 uero
1021 2771 1180 2824 munitiones
1194 2771 1272 2838 valli,

227 2849 341 2901 Tantum
351 2848 536 2921 perdiderunt,
550 2860 678 2919 quantum
687 2847 727 2900 in-
770 2865 871 2900 morsm
884 2845 1044 2898 irruentibus
1055 2846 1207 2900 attuierunt.

228 2929 293 2980 orati
311 2941 381 2982 sunt.
396 2957 432 2970 -
445 2927 536 2999 virgil.
553 2927 654 2980 AEueid.
674 2929 726 2991 IX,
807 2927 867 2980 521.
886 2925 1030 2978 Mortibus.-
1043 2936 1072 2977 ot
1083 2927 1190 2999 patulos
1202 2928 1271 2981 saltu

230 3008 282 3080 714
291 3021 318 3074 et
327 3026 384 3080 sqq.
400 3009 525 3060 «Portam
535 3010 560 3059 vi
571 3006 654 3058 multa
664 3024 727 3060 oon·
771 3006 942 3060 transmittere
953 3005 1045 3076 fossos.
1064 3007 1126 3077 Reg.
1143 3007 1271 3076 Bhubet,

230 3103 304 3137 verso
315 3084 423 3137 cardine
433 3097 553 3156 torquet,
564 3083 683 3137 Obnirsus
692 3084 728 3136 la·
771 3085 916 3136 Moenibuss
927 3083 963 3134 od
973 3081 1078 3155 potnias
1082 3107 1092 3146 ,·
1106 3087 1169 3157 lieg.
1186 3087 1207 3139 G
1222 3105 1272 3140 no-

230 3167 264 3218 tis
286 3164 423 3229 humeris,
446 3163 597 3236 multosque
619 3182 728 3215 suorum
773 3176 852 3216 strum
865 3161 927 3214 leot.
942 3163 1273 3236 En.-Asparu1assatso

229 3243 362 3298 Moenibus
377 3241 498 3298 exclusos
511 3243 579 3298 duro
597 3246 623 3296 iu
643 3258 729 3296 certo·
774 3245 945 3297 transmittere
945 3243 1030 3315 fossos
1037 3245 1137 3298 Horror
1144 3248 1223 3318 eqs'sis.
1230 3250 1275 3300 Vi·

231 3327 300 3376 tuine
315 3323 421 3396 linquit.
432 3348 444 3372 ι
461 3322 502 3374 sd
517 3341 595 3394 quem
612 3323 730 3376 aServio
774 3323 973 3375 desursumtum
982 3343 1014 3374 ex
1024 3324 1139 3376 Homero
1148 3326 1221 3378 iliad.
1233 3335 1273 3393 M,

230 3403 353 3458 laudatur
361 3403 451 3454 Nostri
458 3401 627 3456 iocuszoonf.
635 3417 731 3454 nostre
775 3403 848 3474 apud
863 3422 940 3477 quem
959 3405 1079 3456 Hectoris
1097 3407 1159 3476 equi
1174 3409 1274 3478 pariter·

232 3485 293 3538 edit.
306 3498 371 3536 tom.
383 3485 428 3550 IV,
439 3503 499 3556 pag.
513 3484 555 3555 74.
575 3485 621 3536 Eu.
775 3482 962 3536 describuntur
969 3484 1134 3551 resistentes,
1147 3497 1173 3536 et
1183 3489 1276 3538 timeu-

266 3563 328 3618 515.
341 3566 480 3631 Omeros,
490 3575 516 3616 et
522 3581 619 3636 pronos
627 3564 732 3616 tenden-
776 3577 816 3616 ter
829 3564 857 3614 iu
867 3581 971 3614 summo
985 3563 1061 3614 fossae
1072 3562 1163 3616 lubre:
1178 3564 1242 3618 Oddi
1256 3563 1278 3617 si

233 3643 264 3696 tis
282 3643 434 3714 Amyntoris
454 3642 537 3694 ulnas.
563 3643 688 3694 ememus
708 3651 734 3694 et
776 3642 844 3695 iseros
857 3637 1173 3709 Timsoixdrodssqadts
1187 3642 1277 3715 dippe-

231 3720 733 3794 pronastendentt'sAmiotorisuuutBe-
773 3719 868 3788 μίτιζυι
891 3719 929 3772 ἐπ’
951 3719 1011 3788 ἄκρᾳ
1034 3723 1107 3773 xss'ass
1127 3721 1276 3788 dormiere.

233 3801 289 3854 hot.
307 3832 344 3842 -
361 3801 425 3871 lieg.
443 3799 573 3867 Bhabet,
592 3803 732 3862 emeram
780 3803 895 3873 uNeque
909 3803 1030 3872 pernices
1047 3804 1108 3875 equi
1125 3797 1277 3872 audebant,

234 3882 298 3955 Reg.
312 3881 349 3946 G,
367 3883 499 3935 Onnenus.
518 3881 564 3932 Eo.
778 3881 853 3934 valde
864 3895 951 3934 autem
961 3881 1117 3936 hinniebant
1128 3887 1280 3938 resistentes

271 3960 331 4014 ⁵16.
348 3960 540 4033 Fundentisqsse
549 3969 649 4031 preces,
660 3960 734 4033 peni·
777 3965 804 4016 in
816 3979 919 4014 summo
932 3961 1015 4016 labro.
1027 3987 1037 4010 ι

235 4050 275 4093 τω
284 4042 382 4093 cervice
393 4040 480 4094 reciso.
492 4041 556 4110 Reg.
569 4041 602 4106 B,
614 4040 735 4092 Funder-
815 4040 875 4093 522.
895 4042 996 4094 Horror
1008 4044 1096 4114 equis.-
1115 4043 1210 4095 iterent
1227 4055 1279 4096 tre-

236 4131 320 4195 tesque
327 4140 427 4194 preces,
434 4123 538 4194 penitus
546 4123 642 4174 ceruice
650 4121 736 4174 remis-
777 4120 836 4194 pidi
842 4159 852 4186 ,
863 4133 941 4194 atque
949 4123 1065 4174 immone
1073 4131 1204 4194 paventes.
1213 4125 1283 4194 lieg.

236 4221 277 4264 ως
289 4205 353 4274 fleg.
366 4202 388 4254 C
399 4215 515 4256 nostram
527 4200 586 4254 lect.
606 4203 653 4254 Eu.
781 4203 800 4252 B
814 4199 909 4269 habet,
924 4215 1003 4274 utque
1018 4204 1133 4254 immune
1144 4212 1282 4272 pauentes,
