3284 5162
595 523 737 586 nmen
760 523 819 586 xr.
1055 595 1060 612 ,
1166 521 1230 588 385

235 652 398 742 Coeperat,
404 645 1231 742 obstreperetquanquamutqueobstaretErinnys.

235 763 309 826 Jem
324 757 489 826 submisse
500 781 639 837 monus,
651 756 742 824 lente
749 755 820 850 jam
833 755 937 824 flectit
947 755 1111 840 habenas,

235 874 311 935 Jam
323 885 410 936 tacet
422 895 428 934 :
443 883 628 960 erumpunt
640 871 782 960 gemitus
794 867 1015 964 lacrimasque
1026 869 1148 936 firtetur
1183 883 1233 936 385

236 983 344 1048 Cossis
358 1007 365 1046 ε
377 980 503 1048 hebent
513 984 589 1047 irae:
604 984 795 1074 pariterque
808 997 841 1048 et
855 981 946 1047 abire
957 997 1148 1060 nocentem,

236 1095 279 1157 Et
289 1094 420 1158 venisse
435 1089 554 1184 pudet;
568 1091 678 1158 subito
690 1117 795 1185 quum
807 1108 913 1158 matre
926 1091 1060 1184 repulsa

236 1204 395 1268 Eumenis
407 1199 503 1294 ejecit
513 1203 625 1268 fractis
638 1201 789 1270 Eteoclea
801 1204 905 1295 portis

171 1395 173 1400 ,
238 1309 463 1394 Clementem,
482 1313 630 1392 «Venio,
644 1311 839 1406 solumque,
853 1310 943 1406 quod
955 1329 1032 1380 aute
1044 1315 1184 1396 vocasti,

239 1419 398 1490 Invideo:
414 1447 458 1490 ne
469 1425 598 1492 incesse
611 1447 738 1506 mores,
752 1426 860 1516 gravis
872 1449 965 1491 erma
978 1424 1113 1492 tenebat
1185 1436 1238 1506 39⁰

239 1535 367 1598 Mater:
383 1535 414 1600 io
426 1536 550 1625 patria,
563 1558 583 1600 o
596 1559 714 1626 regum
726 1537 947 1602 incertissima
958 1534 1073 1618 tellus,

240 1644 339 1708 Nunc
350 1659 439 1709 certe
451 1645 584 1711 victoris
595 1648 670 1712 eris.
684 1675 698 1704 υ
713 1648 782 1710 Nec
794 1645 905 1710 mitior
917 1643 989 1726 ille,

246 1751 436 1835 «Tandem,
445 1756 566 1847 inquit,
578 1757 653 1844 scis,
666 1779 765 1835 saeve,
776 1752 895 1821 fidem?
908 1770 941 1820 et
950 1751 1125 1820 descendis
1135 1755 1168 1820 in
1180 1757 1335 1846 aequurn?

243 1865 272 1929 Ο
284 1862 365 1929 mihi
377 1886 469 1930 nuno
479 1866 627 1954 primum
639 1863 741 1955 longo
753 1881 830 1956 post
841 1880 992 1956 tempore
1003 1863 1123 1946 freter,

242 1973 468 2066 Congredere:
480 1974 532 2041 hae
543 1974 646 2066 leges,
659 1974 731 2042 haec
743 1973 865 2041 foedera
875 1973 946 2041 sola
957 1989 1167 2066 supersum„
1190 1983 1242 2054 39⁵

291 2086 343 2151 Sic
355 2082 476 2150 hostile
489 2100 586 2151 tuens
599 2084 734 2152 fratrem
748 2110 755 2148 ε
769 2108 915 2178 nemque
927 2086 1036 2150 uritur
1047 2083 1115 2149 alto

244 2193 367 2275 Corde,
382 2193 473 2289 quod
486 2197 656 2264 innumeri
669 2199 825 2278 comites,
838 2194 928 2292 quod
940 2197 1030 2287 regia
1042 2197 1161 2277 cessis,

197 2409 255 2442 cere
271 2389 352 2444 dictis.
371 2392 445 2444 Unus
463 2391 555 2444 Behot.
568 2393 650 2464 snm
666 2392 700 2446 Ιί-
744 2395 790 2447 lib.
810 2413 834 2446 v.
855 2393 916 2446 883.
938 2389 1069 2444 «Fulmen
1084 2394 1111 2443 io
1129 2390 1175 2442 ubi
1193 2389 1245 2442 tul-

198 2488 315 2541 quescere
325 2469 406 2522 dietis.
745 2473 840 2527 men?-
850 2474 927 2524 Hune
934 2471 1244 2542 versumdeietGuyetus,

235 2549 296 2602 383.
322 2551 443 2623 Coeperut.
461 2551 523 2604 sota
540 2553 610 2604 enim
626 2553 700 2603 Auti-
781 2554 841 2623 393.
864 2553 893 2602 Τ.
910 2553 927 2603 i.
941 2571 961 2604 s.
973 2571 991 2604 s.
1001 2551 1028 2622 s
1040 2561 1064 2602 et
1078 2549 1206 2602 descendit
1218 2549 1247 2600 in

198 2645 268 2698 gone
279 2643 382 2699 poterat
393 2630 541 2702 polynicem
553 2629 702 2700 esinguleri
745 2633 921 2702 oequumePut
930 2626 1249 2701 inaquam-Bepho-

198 2727 259 2761 cum
271 2711 349 2760 fratre
357 2714 497 2761 certamine
505 2729 646 2762 removere.
654 2711 702 2762 Su·
745 2710 804 2777 bet,
817 2709 978 2762 etdescendit
987 2709 1014 2760 in
1026 2726 1141 2778 tequam
1152 2707 1215 2776 Reg.
1227 2706 1249 2758 C

198 2807 246 2860 pra
256 2790 331 2840 enim
346 2788 380 2840 de
392 2791 448 2859 ipse
463 2789 564 2842 dixerat
575 2792 661 2856 Furia,
674 2809 698 2840 v.
744 2786 1246 2859 nost.lect.En.-Descendisinoequum.

99 2900 105 2908 -
204 2867 266 2933 184,
286 2867 485 2939 *blandamque
499 2881 608 2940 precatu
624 2869 701 2919 Anti·
745 2872 827 2922 Jocus
842 2887 872 2920 ex
885 2868 984 2939 duplici
999 2866 1189 2936 significatione
1201 2881 1248 2916 vo·

198 2966 312 3020 gonem5
326 2949 406 2999 timeo
424 2947 543 3018 pauiium
562 2966 594 2999 ue
608 2959 701 3000 nostre
746 2951 918 3019 cis‚oequum,
929 2965 987 3017 quae
997 2965 1045 3016 pro
1055 2963 1150 3015 eampo
1163 2944 1249 3014 accipi

201 3026 316 3079 retardet
328 3026 453 3078 Consilia.
468 3052 479 3074 ι
494 3028 620 3080 Lacutur.
745 3041 846 3098 potest,
859 3041 883 3078 et
894 3045 942 3097 pro
952 3028 1011 3095 jure
1023 3043 1068 3076 seu
1081 3025 1212 3094 equitate.

236 3106 297 3175 387.
309 3107 400 3158 Subito
411 3125 505 3178 quum,
517 3121 566 3158 etc.
578 3108 653 3157 Hunc
663 3104 701 3155 lo-
781 3105 842 3174 394.
865 3106 887 3156 O
900 3103 966 3154 mihi
980 3122 1051 3154 nune
1062 3103 1186 3175 primum.
1199 3101 1248 3154 uic

200 3205 262 3237 curn
273 3187 391 3237 imitatus
405 3201 445 3238 est
459 3201 563 3239 nostras
577 3188 700 3251 Rornou,
746 3202 837 3237 versus
851 3183 973 3236 insititius
987 3181 1090 3233 videtur
1101 3179 1212 3252 Guyeto.

199 3265 490 3338 Autiq.act.li,sc.3.
782 3263 834 3333 395
865 3267 892 3316 C.
917 3262 957 3313 11ae
975 3260 1054 3334 loyes,
1078 3261 1132 3312 hec
1146 3259 1250 3330 foedera

237 3346 297 3414 39¹·
317 3345 419 3397 Mater.-
434 3346 459 3396 io
470 3347 570 3416 patria,
583 3363 598 3395 ο
613 3362 701 3417 requm
747 3344 802 3398 sola
811 3356 954 3415 supersunt.
966 3346 1040 3395 Unus
1054 3340 1145 3394 Behot¹
1160 3339 1199 3392 iroe
1216 3339 1252 3392 le-

201 3424 368 3476 incertissima
383 3422 466 3476 tellus.
482 3426 569 3476 Mater
583 3434 608 3474 et
623 3441 638 3473 ο
650 3443 702 3494 pa-
745 3445 790 3500 qes
803 3434 828 3476 et
838 3424 957 3494 foedera,·
970 3425 1042 3474 etita
1055 3424 1081 3472 in
1094 3419 1152 3472 eliis
1168 3419 1248 3472 codd.

201 3503 264 3567 tria,
276 3521 291 3554 o
302 3501 374 3574 requi
380 3501 546 3554 incertissima
558 3499 659 3553 Behott.
674 3518 702 3567 r,
783 3500 843 3570 396.
863 3502 907 3553 Sic
919 3499 1010 3554 hostile
1021 3511 1102 3552 tuens.
1111 3498 1184 3565 Quid
1193 3500 1250 3551 istis

202 3599 232 3648 2,
244 3585 347 3632 Venett.
360 3582 390 3646 3,
400 3580 430 3646 4,
441 3582 517 3632 Rom.
529 3579 603 3632 Basil.
617 3593 642 3631 et
652 3580 702 3631 Ge·
748 3583 879 3653 ineptius,
892 3582 927 3632 eit
938 3581 1069 3653 Guyetus,
1084 3593 1110 3631 et
1121 3582 1251 3649 intempe-

201 3673 267 3712 vart.
279 3660 367 3712 Mater
375 3671 422 3712 eto
431 3660 532 3732 patria,
543 3677 558 3710 ο
569 3677 654 3730 reqnm
666 3658 704 3709 in·
748 3665 841 3714 stivum
848 3662 967 3730 magula
976 3647 1155 3726 Enizoetnmen
1164 3679 1171 3720 ;
1179 3677 1250 3726 nem,

200 3740 339 3792 certissima
353 3740 419 3790 Dan.
436 3742 492 3790 i'nt.
508 3739 587 3806 Lang.
604 3736 702 3788 Busiid.
748 3742 833 3811 pergit
844 3741 898 3804 ilie,
913 3755 970 3791 toto
982 3739 1034 3792 hoe
1046 3739 1113 3791 libro
1126 3738 1251 3790 dormitat

202 3817 294 3870 Behot.
313 3834 408 3887 ἣρω.
420 3837 444 3868 v.
458 3817 475 3867 l·
487 3815 663 3885 Lindenlnog.
677 3829 704 3868 et
748 3823 879 3890 Papinius.
902 3819 962 3870 Non
983 3818 1009 3870 id
1030 3831 1117 3870 tamen
1138 3817 1250 3870 lectores

202 3899 280 3950 Cruc.
297 3899 399 3948 Mater:
419 3898 443 3948 io
459 3898 563 3968 patria,
582 3913 597 3946 ο
615 3915 702 3967 repom
745 3897 912 3968 judicabunt.

202 3977 370 4030 incertissima
387 3978 491 4047 optirnae
508 3975 605 4028 Barthii
623 3969 704 4026 rnern·
783 3976 844 4044 397.
869 3975 963 4041 Corde,
979 3976 1050 4047 quod
1062 3976 1193 4026 innumeri
1206 3995 1250 4027 co-

200 4059 303 4119 brauae,
313 4056 428 4108 Gronov.
440 4071 466 4108 et
476 4055 570 4126 Delph.
578 4057 647 4108 -Ιο
655 4073 703 4124 pa·
748 4056 835 4120 mites,
848 4056 917 4127 quod
927 4056 995 4128 sepia
1005 4057 1086 4106 cussis.
1096 4057 1160 4126 Reg.
1172 4055 1191 4104 B
1202 4053 1248 4106 iut-

203 4139 267 4202 tn'a,
280 4157 296 4188 ο
310 4155 399 4210 repom
414 4136 588 4188 incertissima.
603 4133 632 4184 id
650 4149 701 4199 est,
746 4133 801 4201 bet,
810 4136 880 4208 quod
888 4137 956 4207 repia
967 4133 1065 4194 clrrssis,⁸
1075 4135 1138 4203 Reg.
1149 4134 1247 4186 Cnost.

201 4214 303 4270 nulium
314 4230 411 4268 centurn
421 4235 507 4287 regern
518 4215 626 4268 hebens.
637 4214 701 4284 Snp.
746 4213 806 4268 ieet.
819 4215 864 4266 Eo.

298 4309 364 4372 III.
1067 4304 1106 4364 25
