3264 5166
143 619 146 628 .
237 568 242 580 '
339 569 404 649 244
573 566 608 627 Ρ.
635 563 671 626 Ρ.
698 559 854 628 STATH
878 557 1152 625 THEBAIDOS

433 723 447 754 a
459 697 630 760 Hactenus
641 688 788 781 Ogygias
800 689 880 754 satis
888 686 1069 754 infestasse
1080 700 1249 768 catervas,

382 801 639 894 Parthenopaee,
652 800 732 866 satis
745 824 752 863 :
766 799 898 864 misereo
906 791 977 887 jam
989 817 1090 888 poree
1101 799 1251 887 parenti,

383 918 485 982 Parce
496 915 590 994 Deis,
603 911 797 1005 quicunque
809 907 933 974 favent.
947 936 960 967 n
977 911 1046 973 Nec
1057 908 1193 974 territus
1205 904 1277 989 ille,

387 1054 400 1083 κ
413 1028 512 1090 Hunc
523 1023 596 1090 sine
607 1044 679 1103 me,
692 1023 775 1106 (neo
785 1018 885 1112 plura
896 1020 1044 1111 petam,)
1057 1015 1218 1085 fidissime
1230 1023 1380 1099 Dorceu,

380 1141 534 1206 Sternere
543 1129 726 1223 humi,qui
737 1128 803 1197 tela
814 1130 898 1196 meis
910 1128 995 1220 gerit
1006 1125 1128 1194 aemula
1139 1126 1229 1211 telis,
1329 1141 1381 1195 816

382 1249 424 1312 Et
435 1240 561 1312 similes
571 1239 700 1322 cultus,
713 1253 747 1306 et
757 1239 854 1306 frena
866 1239 1021 1305 sonantia
1029 1233 1143 1329 jactat

382 1361 489 1423 Frena
500 1374 615 1444 regam
627 1377 634 1417 :
648 1348 758 1418 cultus
770 1350 893 1417 Triviae
903 1346 1091 1440 pendebitis
1103 1339 1171 1416 alto

380 1469 526 1547 Limine,
539 1465 679 1556 captivis
692 1477 835 1529 matrem
846 1459 981 1527 donabo
992 1458 1170 1552 pharetris.
1183 1491 1197 1520 e

381 1575 507 1659 Audiit,
520 1590 554 1642 et
563 1574 668 1640 mixto
679 1572 753 1638 risit
762 1572 903 1638 Latonia
914 1567 1007 1636 fletu.
1327 1584 1379 1637 820

425 1684 564 1753 Viderat
574 1681 662 1750 hane
673 1679 745 1749 oaeli
754 1678 957 1775 jamdudum
970 1682 1006 1746 in
1018 1696 1113 1773 parte
1125 1697 1253 1749 remota

380 1793 564 1864 Gradivum
575 1789 750 1883 eomplexa
761 1793 875 1857 Venus
882 1788 1053 1883 :dumque
1064 1793 1164 1858 anxia
1173 1789 1308 1859 Thebas

378 1911 642 1986 Commemorat,
655 1902 887 1998 Cadmumque
900 1905 988 1984 viro,
1001 1925 1153 1997 caraeque
1165 1919 1304 1996 nepotes

379 2017 587 2098 Harmoniae,
599 2037 755 2105 pressum
766 2015 867 2082 tooito
880 2011 943 2082 sub
956 2013 1056 2081 corde
1068 2011 1219 2082 dolorem

378 2129 593 2220 Tempestiva
604 2141 725 2193 movet.
742 2129 886 2192 «Nonne
898 2123 1001 2205 hanc,
1012 2123 1173 2206 Gradive,
1185 2137 1376 2216 protervam

379 2241 576 2330 Virginitate
589 2236 683 2304 vides
694 2235 988 2305 mediamseferre
999 2237 1149 2303 virorum
1322 2247 1376 2302 826

333 2427 443 2492 Domi,
451 2443 530 2496 quern
538 2423 701 2477 adsumserat
708 2437 732 2476 et
742 2442 795 2496 pre
803 2443 831 2478 se
875 2425 938 2496 Reg.
951 2425 971 2475 13
984 2424 1027 2477 hie
1038 2442 1130 2478 versus
1141 2421 1315 2475 desideratur.
1327 2423 1374 2474 Eo.

332 2505 688 2577 ferebatbegetHujustum
696 2504 831 2557 onituDeo
910 2505 970 2558 818.
996 2502 1092 2558 Cultus.
1114 2504 1228 2556 Ornatus
1248 2501 1375 2566 monn,

332 2583 511 2646 dissimulata,-
523 2583 551 2636 id
565 2597 622 2636 est:
641 2583 691 2636 sub
706 2582 786 2654 hujus
802 2583 832 2634 fl·
875 2585 961 2656 spolia
977 2584 1103 2636 detracta.
1124 2583 1218 2635 Trivioe
1231 2582 1376 2655 pendebitis

331 2684 399 2736 gnra
411 2663 452 2716 vel
463 2665 531 2716 faeie
541 2663 625 2716 latens
637 2663 702 2715 Dea.
721 2664 789 2715 Nem
803 2682 831 2717 se
874 2662 928 2716 alto
942 2665 1052 2716 limine.
1075 2667 1113 2715 Ex
1131 2681 1203 2715 more
1216 2663 1270 2731 jam
1284 2661 1374 2714 obser·

331 2740 516 2796 dissimulabat
537 2743 600 2813 ipsa.
627 2743 659 2793 Et
680 2760 743 2794 sane
763 2743 829 2794 Dan.
874 2757 1015 2816 vato‚quo
1024 2741 1133 2796 hostiles
1142 2743 1375 2796 exurieDiisoon·

333 2821 417 2875 codes
430 2820 511 2873 babet
526 2819 609 2875 onitu.
627 2821 744 2873 Gronov.
875 2823 1054 2876 sectabantur.

368 2903 429 2955 812.
447 2901 483 2954 Η.
498 2900 529 2952 0.
541 2902 600 2954 satis
611 2899 742 2970 infestasse
753 2911 832 2952 cater-
910 2905 969 2971 819.
988 2901 1103 2968 Limine,
1117 2901 1237 2974 captiuis,
1250 2914 1300 2953 ete.
1309 2899 1374 2952 eul-

332 2999 384 3033 vas.
394 3003 405 3028 ι
414 2979 508 3032 Melius
516 2978 651 3050 aliquanto
662 2980 778 3050 optimus
787 2999 831 3032 co·
874 2983 944 3034 mine
960 3001 1009 3052 pro
1023 2983 1125 3033 Limine
1138 2981 1228 3034 mallet
1240 2979 1373 3034 Marklan-

330 3060 392 3112 dex:
401 3059 530 3130 infestasse
539 3060 661 3112 cobortes.
671 3083 681 3106 ι
691 3058 829 3111 Benrrr.-
873 3059 923 3114 dus
936 3062 969 3114 ad
980 3061 1040 3114 silv.
1053 3063 1097 3127 1V,
1109 3063 1141 3127 3,
1157 3059 1215 3131 137.

332 3141 452 3211 Opyqias.
464 3139 614 3191 Thebaeas.
909 3141 969 3209 824.
987 3141 1152 3208 Harmonia,
1166 3153 1281 3214 presmm
1294 3140 1372 3192 tacito

366 3217 426 3270 813.
437 3219 518 3270 Parce
527 3216 640 3288 parenti.
650 3217 719 3267 Bene
728 3216 829 3270 furenti
872 3223 917 3276 sub
930 3221 1004 3274 corde
1018 3220 1141 3274 dolorem.
1160 3219 1299 3292 splen-ique
1313 3217 1372 3270 libri

329 3296 383 3350 filio
405 3316 502 3349 nomen
525 3299 613 3348 matris
635 3297 774 3366 apposuit,
798 3308 828 3347 ut
872 3300 983 3354 delirant
1005 3299 1157 3352 Hermione
1181 3311 1207 3350 et
1230 3299 1373 3350 Hennione

328 3375 427 3428 ablatio
441 3376 496 3427 cari
507 3375 621 3425 nominis
633 3391 744 3443 puerum
755 3375 827 3427 festi·
872 3379 1024 3432 scribentes.
1036 3376 1214 3448 Apollodorus
1223 3376 1259 3428 de
1270 3375 1371 3428 Cadmo

326 3469 390 3509 nato
401 3474 450 3508 suo
460 3453 605 3506 retardaret
615 3455 737 3516 interitu,
747 3467 776 3506 ot
785 3454 826 3505 vel
872 3457 917 3510 lib.
936 3459 986 3524 111,
1008 3454 1064 3512 Erit
1083 3457 1170 3509 ἔθυιεν·
1184 3455 1251 3522 αὑτᾷ
1268 3455 1372 3522 potnias

326 3537 404 3588 matri
417 3546 551 3606 parceret:
565 3535 665 3604 quippe
680 3550 760 3603 quam
775 3551 825 3604 pro
867 3534 998 3605 Ἁρμονίη,
1012 3535 1145 3604 Ἀφροδίτης
1156 3533 1196 3585 nei
1205 3535 1279 3604 'Apum
1293 3535 1370 3601 doye-

323 3613 409 3685 gloria
423 3633 469 3666 sua
484 3625 654 3665 contemnere
667 3611 802 3684 cupiebat.
868 3602 934 3684 ripa.
948 3614 1020 3668 Nihil
1031 3616 1147 3668 tritius.»
1163 3616 1258 3666 Bima.

360 3694 421 3761 811.
440 3693 523 3744 Parce
533 3692 607 3757 Deis,
622 3692 771 3763 quicunque
779 3691 825 3762 fo-
905 3695 967 3749 825.
978 3696 1148 3767 Tempestivus.
1159 3694 1309 3766 Oportuna.
1319 3695 1370 3746 Ho-

323 3781 397 3837 rmos,
405 3783 456 3822 eto.
464 3771 527 3841 neg.
537 3769 659 3836 Bhabet‚
668 3772 762 3836 Parce,
772 3771 824 3822 Dei
868 3778 962 3828 ratius:
974 3777 1089 3827 aDesine
1096 3787 1207 3826 matrem
1215 3773 1368 3844 tempestiva

321 3855 468 3926 quicunque
474 3851 585 3922 favent5
597 3852 660 3922 neg.
674 3853 822 3904 Cnostrsm
867 3855 941 3925 sequi
952 3855 1043 3904 viro.»
1064 3853 1192 3904 Lsorsnr.

322 3931 383 3984 leot.
395 3933 442 3982 Eo.
453 3959 489 3970 -
501 3932 583 3983 Parce
596 3931 664 3984 Deis·
681 3931 722 3984 Sic
736 3931 820 3984 Theb.
903 3931 963 3984 826.
975 3930 1091 3983 Mediam
1103 3951 1128 3984 se
1133 3931 1215 4004 serre.
1228 3930 1269 3983 ed
1280 3931 1331 3982 rim
1341 3941 1368 3982 et

320 4015 359 4079 11,
372 4012 434 4082 689.
865 4013 1019 4082 gravitatem
1043 4012 1167 4082 pertinet.
1194 4012 1251 4062 Vet.
1278 4007 1366 4062 Soboi.

357 4093 418 4147 815.
438 4091 516 4143 Hune
533 4091 588 4144 sine
605 4109 647 4143 me
664 4091 726 4160 (nec
742 4091 821 4163 plura
865 4092 932 4144 Sane
943 4089 1054 4162 gradum
1067 4107 1121 4144 non
1133 4091 1216 4144 levem
1226 4089 1282 4142 heo
1294 4090 1367 4142 locu·

318 4172 436 4244 petam),
451 4170 580 4246 fidissime
597 4172 708 4224 Dorceu.
729 4169 821 4224 Codex
865 4173 902 4223 tio
916 4171 1004 4223 infert.
1017 4169 1107 4240 Virgii.
1123 4169 1226 4222 AEneid.
1242 4171 1280 4237 11,
1295 4169 1362 4236 456:

318 4251 525 4323 lindenbrogii,
546 4271 598 4304 non
616 4249 704 4324 pium.
730 4277 766 4292 -·
790 4254 820 4303 in
868 4250 949 4318 uQua
969 4269 1012 4316 se,
1032 4247 1096 4302 dum
1110 4268 1190 4321 regua
1208 4249 1364 4314 mouebant,
