3264 5166
608 571 750 636 utana
776 573 836 637 rx.
1038 629 1040 636 .
1179 601 1247 668 229

244 699 396 792 Linquit,
410 713 444 764 et
453 698 489 762 in
501 695 620 764 mediis
633 692 848 763 frondentem
860 697 1030 766 Maenalon
1041 703 1140 769 astris

244 813 432 902 Exsuperat
442 830 578 902 gressu,
592 806 785 903 saltumque
794 808 837 876 ad
849 812 972 877 moenia
983 809 1100 880 Cadmi
1193 827 1247 894 ⁶l⁰

245 922 410 1004 Destinat,
423 921 563 987 interior
573 918 646 989 coeli
659 943 726 1013 qua
737 922 857 987 semita
868 919 957 989 lucet

245 1036 303 1098 Dls
315 1046 468 1113 tantum,
481 1045 515 1098 et
525 1046 664 1098 cunctas
672 1025 769 1122 juxta
780 1031 871 1098 videt
883 1031 989 1100 ardua
1001 1049 1119 1102 terras.

243 1145 387 1236 Jamque
397 1141 468 1210 fere
479 1139 631 1208 medinm
642 1143 797 1208 Parnassi
808 1140 946 1210 frondea
958 1161 1083 1238 proeter

243 1252 336 1320 Colla
347 1254 483 1322 tenebat
494 1257 573 1337 iter,
586 1277 694 1348 quum
705 1253 843 1322 fratrem
855 1256 891 1322 in
901 1255 993 1323 nube
1004 1279 1144 1324 corusca

244 1365 395 1458 Adspicit
406 1365 497 1435 haud
510 1363 648 1435 solitum
659 1355 748 1434 visui
759 1367 944 1436 Remeabat
953 1369 997 1437 ab
1009 1371 1111 1436 armis
1194 1382 1247 1448 tls

245 1481 385 1546 Moestus
397 1479 582 1560 Echioniis,
594 1476 740 1546 demersi
752 1477 873 1546 funera
883 1479 1003 1573 lugens

245 1591 400 1680 Auguris.
414 1587 565 1656 irrubuit
576 1587 648 1656 caeli
659 1587 759 1680 plaga
771 1588 880 1657 sidere
890 1592 1012 1674 mixto,

240 1700 570 1798 Occursuquesacro
582 1701 708 1792 pariter
716 1695 818 1792 jubar
828 1703 911 1768 arsit
921 1705 1108 1798 utrimque,

245 1814 285 1877 Et
296 1813 406 1878 coiere
418 1833 532 1892 arcus,
546 1826 580 1878 et
590 1809 796 1906 requndere
808 1811 983 1904 pharetrae.

279 1916 339 1988 llle
349 1923 458 2016 prior:
474 1923 566 1988 «Scio
576 1917 985 2014 Labdacidas,germana,
997 1921 1168 2004 cohortes,
1193 1935 1246 1990 650

195 2141 250 2180 tres
262 2127 380 2180 crinibus
391 2125 491 2200 templa
499 2141 700 2195 verrentes,ve·
743 2125 843 2180 Buslid.
857 2128 975 2198 Lipsian.
991 2141 1017 2180 et
1033 2125 1094 2181 edd.
1110 2141 1172 2182 vett.
1182 2127 1247 2200 fra·

196 2207 699 2279 niamirarumcelestiumexposcunt.·
744 2219 808 2259 tuem
825 2209 906 2270 nuber
922 2208 1025 2262 Behott.
1044 2225 1067 2274 t,
1083 2227 1115 2275 a,
1130 2211 1247 2282 optimus

196 2284 324 2356 Apuleius
343 2287 407 2340 Met.
425 2290 462 2354 V,
483 2290 580 2339 a'l'uno
598 2285 698 2358 Psyche
744 2287 841 2360 aliique
865 2286 944 2342 codd.
966 2288 1116 2356 Barthiani,
1135 2289 1247 2344 Amstel.

196 2363 272 2417 uberi
290 2365 354 2419 fletu
376 2369 464 2438 rigans
483 2368 546 2419 Dee
568 2367 697 2437 vestigia,
742 2371 861 2422 Gronov.
878 2367 966 2420 Barth.
983 2381 1009 2420 et
1024 2367 1121 2442 Dalpb.
1132 2369 1247 2441 fratrem

196 2441 360 2517 humumque
369 2465 475 2499 verrens
485 2445 603 2499 crinibus
613 2448 696 2499 suis.»
743 2449 772 2501 in
786 2449 862 2500 nude.
1263 2447 1266 2461 '

196 2521 372 2590 Claudianus,
383 2525 487 2593 xtttx,
497 2543 523 2576 v.
537 2523 602 2578 225:
618 2525 698 2576 nllu-
777 2528 840 2595 645.
852 2529 970 2603 Adspicit
982 2530 1055 2582 lraud
1063 2528 1168 2582 solitum
1181 2530 1244 2582 uisu.

198 2601 313 2656 minibus
322 2605 445 2676 votisque
456 2621 550 2670 ranas,
563 2617 589 2656 et
600 2603 698 2675 suppli·
742 2612 806 2679 Reg.
819 2611 839 2661 B
850 2609 949 2677 hahet,
962 2609 1080 2682 Adspicit
1089 2609 1161 2661 haud
1167 2607 1245 2663 solito

197 2698 229 2732 ce
240 2683 312 2735 crine
320 2683 410 2736 Verris
422 2681 562 2734 humum·
742 2689 800 2742 „im
806 2710 816 2750 ‚·
830 2691 893 2760 neg,
911 2690 932 2744 c
945 2702 1063 2742 nomm
1075 2687 1135 2740 1001,
1150 2689 1198 2740 En,
1210 2717 1247 2728 -

194 2805 197 2814 ,
240 2759 302 2830 639-
331 2759 475 2814 Moennlou·
502 2763 621 2814 Mentem
646 2762 697 2812 Ar·
742 2767 822 2821 Haud
839 2768 945 2822 solitum
964 2769 1027 2821 visu.
1047 2768 1108 2820 Non
1124 2765 1246 2818 eovultu

196 2840 285 2894 cadite.
742 2866 797 2920 quo
810 2848 920 2900 solebat.

232 2922 294 2989 640.
309 2922 352 2975 Ad
362 2924 458 2976 moenia
473 2923 572 2976 Cadmi.
582 2923 696 2978 Thebas.
777 2925 839 2992 646.
847 2927 886 2977 Μ.
893 2922 1244 2996 Edemersifuneraluqens.

233 3001 293 3068 641.
312 3002 447 3071 Destinat,
461 3004 567 3056 interior
576 3003 635 3056 coeli
645 3024 697 3076 qua
741 3006 818 3060 Unus
829 3003 921 3058 llehot.
934 3003 1045 3056 dimersi.
1055 3001 1244 3055 —Eelriouiis

195 3084 287 3136 semita
299 3081 374 3137 lucet.
386 3083 631 3154 Reg.Bhabet,D.
646 3084 663 3134 i.
673 3103 696 3136 c.
741 3084 897 3150 Thebanis,
925 3081 959 3134 ab
984 3080 1103 3134 Echione
1129 3099 1185 3134 uno
1212 3099 1246 3134 ex

121 3203 124 3210 ,
195 3181 248 3234 qna
262 3163 354 3215 semita
369 3162 698 3234 duei2311e3.Cn0stram
741 3164 849 3236 Spartis.

195 3240 257 3294 lect.
271 3242 318 3294 Eo.
331 3271 368 3283 -
380 3241 438 3312 Qua
451 3241 542 3295 semita
555 3241 631 3295 lucet.
641 3243 697 3295 Diis
778 3242 839 3313 647.
859 3241 986 3308 Imtbuit,
1002 3252 1054 3294 etc.
1066 3243 1138 3294 Deos
1150 3253 1244 3294 mutuo

196 3339 256 3375 sam
272 3335 374 3394 partem
388 3334 491 3373 tantum
510 3317 545 3371 ad
558 3322 698 3374 transitum
741 3320 1110 3386 oeeursnlucemeffundere,
1121 3322 1246 3394 qnasiso-

195 3402 284 3454 datam
291 3400 436 3474 significat,
446 3420 504 3475 que
514 3419 698 3455 summumne·
741 3404 773 3456 lis
781 3404 870 3474 jubar,
882 3400 994 3455 credidit
1005 3403 1162 3474 antiquitas;
1173 3399 1246 3472 quod

195 3499 251 3533 rem
261 3479 433 3553 infimumque
442 3482 594 3551 conjungit,
604 3481 650 3551 qni
660 3480 697 3532 ln·
742 3503 774 3536 ex
783 3484 966 3556 Egyptiorum
973 3481 1107 3554 theologia
1114 3479 1247 3548 habebat,

196 3558 696 3632 cusestcircacirculnnrlunta.1)equo
743 3564 789 3633 qui
803 3562 942 3633 inopinato
956 3561 1012 3613 visa
1028 3558 1088 3612 luce
1104 3559 1245 3612 numinum

195 3639 332 3705 lanosum,
343 3637 389 3690 lib.
401 3638 451 3706 tx,
463 3657 501 3691 vs.
513 3638 580 3712 Ssq.
593 3661 600 3692 ε
616 3639 697 3706 tha
742 3657 900 3710 congressus
919 3636 1057 3691 notabant.
1078 3636 1206 3690 Iudicavit
1218 3635 1246 3690 id

196 3719 270 3788 niger
283 3717 409 3771 astriferis
423 3718 590 3770 connectitur
605 3717 698 3771 axibus
742 3718 862 3771 hocloco
872 3719 1247 3790 Papiniusnosterpoetarum

195 3815 250 3863 aet,
262 3795 395 3872 Quodque
405 3810 478 3870 patet
487 3811 570 3852 terras
580 3799 650 3851 inter
658 3797 698 3852 lu·
742 3797 919 3851 doctissimus.

195 3895 287 3950 naeqne
301 3892 432 3932 meatus·
448 3881 576 3933 Lacrtsr.
777 3878 839 3944 648.
862 3879 921 3930 Oce.
933 3895 983 3930 sac.
994 3875 1176 3950 pariterjubnr
1185 3875 1248 3929 arsit

231 3955 293 4024 643.
312 3959 442 4012 Pamassi.
454 3959 552 4012 Montis
563 3957 695 4012 Phocidis.
741 3958 878 4030 utrimque.
889 3956 978 4009 Barth.
988 3954 1067 4028 legit:
1077 3955 1139 4009 arsit
1147 3967 1245 4008 utrum·

195 4067 232 4079 -
244 4039 350 4092 Praeter.
363 4035 394 4090 ld
405 4052 461 4108 att,
474 4057 565 4092 secus:
580 4038 694 4092 Gallice:
741 4056 800 4109 que.
811 4067 848 4078 --
858 4037 956 4090 Versus
969 4035 1012 4090 ille
1023 4049 1050 4089 et
1062 4035 1243 4106 subsequens:

195 4115 221 4168 le
233 4113 305 4190 louq.
741 4118 779 4169 Et
788 4118 870 4171 coiere
882 4135 969 4182 amm,
982 4129 1007 4170 et
1019 4116 1168 4191 respondere
1177 4113 1246 4185 plta-

230 4195 294 4265 644.
313 4198 341 4249 C.
363 4209 382 4250 t.
400 4198 418 4248 i.
437 4216 518 4272 quum
532 4197 645 4270 fratrem
668 4197 697 4250 in
742 4207 828 4262 πίνω,
841 4199 867 4250 in
880 4199 943 4269 lieg.
957 4195 1179 4250 lldesidsrantur.

196 4274 262 4329 nube
279 4293 390 4330 tornata.
417 4275 482 4328 Dan.
505 4277 593 4329 Peter.
614 4277 694 4348 hang.
777 4275 831 4329 650
859 4274 911 4327 tlte
927 4277 1020 4347 prior:
1039 4275 1098 4327 Scio
1117 4271 1245 4326 Labdaci·
