<?xml version="1.0" encoding="UTF-8"?>
<!DOCTYPE html PUBLIC "-//W3C//DTD XHTML 1.0 Transitional//EN"
    "http://www.w3.org/TR/xhtml1/DTD/xhtml1-transitional.dtd">
<html xmlns="http://www.w3.org/1999/xhtml" xml:lang="en" lang="en">
 <head>
  <title>
</title>
<meta http-equiv="Content-Type" content="text/html;charset=utf-8" />
  <meta name='ocr-system' content='tesseract 3.04.00' />
  <meta name='ocr-capabilities' content='ocr_page ocr_carea ocr_par ocr_line ocrx_word'/>
</head>
<body>
  <div class='ocr_page' id='page_1' title='image "./libriquinquesil00statgoog_0451.png"; bbox 0 0 3256 5160; ppageno 0'>
   <div class='ocr_carea' id='block_1_1' title="bbox 362 485 1176 574">
    <p class='ocr_par' dir='ltr' id='par_1_1' title="bbox 362 485 1176 574">
     <span class='ocr_line' id='line_1_1' title="bbox 362 485 1176 574; baseline -0.01 -14"><span class='ocrx_word' id='word_1_1' title='bbox 362 496 427 574; x_wconf 96' lang='grc'>444</span> <span class='ocrx_word' id='word_1_2' title='bbox 595 490 632 554; x_wconf 90' lang='grc' dir='ltr'>Ρ.</span> <span class='ocrx_word' id='word_1_3' title='bbox 657 489 694 554; x_wconf 87' lang='grc' dir='ltr'>Ρ.</span> <span class='ocrx_word' id='word_1_4' title='bbox 720 485 876 556; x_wconf 79' lang='lat' dir='ltr'>STA&#39;ru</span> <span class='ocrx_word' id='word_1_5' title='bbox 901 486 1176 552; x_wconf 78' lang='lat' dir='ltr'>THEBAIDOS</span> 
     </span>
    </p>
   </div>
   <div class='ocr_carea' id='block_1_2' title="bbox 407 613 1415 2272">
    <p class='ocr_par' dir='ltr' id='par_1_2' title="bbox 407 613 1168 711">
     <span class='ocr_line' id='line_1_2' title="bbox 407 613 1168 711; baseline -0.004 -27"><span class='ocrx_word' id='word_1_6' title='bbox 407 619 553 711; x_wconf 76' lang='lat' dir='ltr'>Virginis</span> <span class='ocrx_word' id='word_1_7' title='bbox 564 619 615 684; x_wconf 84' lang='lat' dir='ltr'>ira</span> <span class='ocrx_word' id='word_1_8' title='bbox 628 615 691 684; x_wconf 87' lang='lat' dir='ltr'>leae</span> <span class='ocrx_word' id='word_1_9' title='bbox 702 615 831 700; x_wconf 81' lang='lat' dir='ltr'>rabies,</span> <span class='ocrx_word' id='word_1_10' title='bbox 844 619 899 684; x_wconf 92' lang='lat' dir='ltr'>cui</span> <span class='ocrx_word' id='word_1_11' title='bbox 913 615 1018 683; x_wconf 85' lang='lat' dir='ltr'>libera</span> <span class='ocrx_word' id='word_1_12' title='bbox 1030 613 1168 682; x_wconf 82' lang='lat' dir='ltr'>tandem</span> 
     </span>
    </p>

    <p class='ocr_par' dir='ltr' id='par_1_3' title="bbox 407 725 1338 824">
     <span class='ocr_line' id='line_1_3' title="bbox 407 725 1338 824; baseline -0.004 -29"><span class='ocrx_word' id='word_1_13' title='bbox 407 732 450 796; x_wconf 89' lang='lat' dir='ltr'>Et</span> <span class='ocrx_word' id='word_1_14' title='bbox 460 729 590 821; x_wconf 85' lang='lat' dir='ltr'>primus</span> <span class='ocrx_word' id='word_1_15' title='bbox 602 730 795 824; x_wconf 84' lang='lat' dir='ltr'>sinematre</span> <span class='ocrx_word' id='word_1_16' title='bbox 809 727 922 795; x_wconf 82' lang='lat' dir='ltr'>furor:</span> <span class='ocrx_word' id='word_1_17' title='bbox 935 749 999 793; x_wconf 90' lang='lat' dir='ltr'>nec</span> <span class='ocrx_word' id='word_1_18' title='bbox 1012 725 1114 818; x_wconf 75' lang='lat' dir='ltr'>longa</span> <span class='ocrx_word' id='word_1_19' title='bbox 1128 741 1260 792; x_wconf 80' lang='lat' dir='ltr'>morata</span> <span class='ocrx_word' id='word_1_20' title='bbox 1271 740 1338 806; x_wconf 89' lang='lat' dir='ltr'>est,</span> 
     </span>
    </p>

    <p class='ocr_par' dir='ltr' id='par_1_4' title="bbox 407 835 1410 933">
     <span class='ocr_line' id='line_1_4' title="bbox 407 835 1410 933; baseline -0.007 -25"><span class='ocrx_word' id='word_1_21' title='bbox 407 843 540 933; x_wconf 81' lang='lat' dir='ltr'>Quippe</span> <span class='ocrx_word' id='word_1_22' title='bbox 551 857 683 908; x_wconf 90' lang='lat' dir='ltr'>trucem</span> <span class='ocrx_word' id='word_1_23' title='bbox 695 863 871 932; x_wconf 84' lang='lat' dir='ltr'>campum,</span> <span class='ocrx_word' id='word_1_24' title='bbox 885 855 918 906; x_wconf 91' lang='lat' dir='ltr'>et</span> <span class='ocrx_word' id='word_1_25' title='bbox 929 840 1060 931; x_wconf 87' lang='lat' dir='ltr'>positus</span> <span class='ocrx_word' id='word_1_26' title='bbox 1073 861 1142 932; x_wconf 92' lang='lat' dir='ltr'>quo</span> <span class='ocrx_word' id='word_1_27' title='bbox 1154 836 1294 930; x_wconf 85' lang='lat' dir='ltr'>pulvere</span> <span class='ocrx_word' id='word_1_28' title='bbox 1307 835 1410 904; x_wconf 83' lang='lat' dir='ltr'>freter</span> 
     </span>
    </p>

    <p class='ocr_par' dir='ltr' id='par_1_5' title="bbox 408 947 1411 1044">
     <span class='ocr_line' id='line_1_5' title="bbox 408 947 1411 1044; baseline -0.007 -27"><span class='ocrx_word' id='word_1_29' title='bbox 408 956 571 1018; x_wconf 80' lang='lat' dir='ltr'><strong>Noverat:</strong></span> <span class='ocrx_word' id='word_1_30' title='bbox 586 966 688 1044; x_wconf 85' lang='lat' dir='ltr'>atque</span> <span class='ocrx_word' id='word_1_31' title='bbox 700 949 792 1016; x_wconf 84' lang='lat' dir='ltr'>illam</span> <span class='ocrx_word' id='word_1_32' title='bbox 804 965 922 1016; x_wconf 83' lang='lat' dir='ltr'>contra</span> <span class='ocrx_word' id='word_1_33' title='bbox 933 947 1024 1016; x_wconf 86' lang='lat' dir='ltr'>videt</span> <span class='ocrx_word' id='word_1_34' title='bbox 1035 951 1084 1015; x_wconf 86' lang='lat' dir='ltr'>ire</span> <span class='ocrx_word' id='word_1_35' title='bbox 1096 952 1276 1032; x_wconf 86' lang='lat' dir='ltr'>Menoetes,</span> <span class='ocrx_word' id='word_1_36' title='bbox 1357 957 1411 1012; x_wconf 79' lang='lat'>360</span> 
     </span>
    </p>

    <p class='ocr_par' dir='ltr' id='par_1_6' title="bbox 408 1058 1367 1262">
     <span class='ocr_line' id='line_1_6' title="bbox 408 1058 1367 1153; baseline -0.002 -25"><span class='ocrx_word' id='word_1_37' title='bbox 408 1065 470 1129; x_wconf 90' lang='lat' dir='ltr'>Cui</span> <span class='ocrx_word' id='word_1_38' title='bbox 480 1076 593 1146; x_wconf 83' lang='lat' dir='ltr'>vacat,</span> <span class='ocrx_word' id='word_1_39' title='bbox 605 1077 638 1129; x_wconf 91' lang='lat' dir='ltr'>et</span> <span class='ocrx_word' id='word_1_40' title='bbox 649 1083 735 1130; x_wconf 75' lang='lat' dir='ltr'>carte</span> <span class='ocrx_word' id='word_1_41' title='bbox 748 1062 891 1152; x_wconf 74' lang='lat' dir='ltr'>gemitus</span> <span class='ocrx_word' id='word_1_42' title='bbox 904 1063 1087 1153; x_wconf 83' lang='lat' dir='ltr'>compescit</span> <span class='ocrx_word' id='word_1_43' title='bbox 1096 1058 1253 1127; x_wconf 85' lang='lat' dir='ltr'>aiumnae.</span> <span class='ocrx_word' id='word_1_44' title='bbox 1366 1083 1367 1086; x_wconf 45' lang='lat'>¹</span> 
     </span>
     <span class='ocr_line' id='line_1_7' title="bbox 454 1173 1282 1262; baseline -0.004 -22"><span class='ocrx_word' id='word_1_45' title='bbox 454 1176 569 1260; x_wconf 89' lang='lat' dir='ltr'>Quum</span> <span class='ocrx_word' id='word_1_46' title='bbox 580 1189 694 1240; x_wconf 86' lang='lat' dir='ltr'>temen</span> <span class='ocrx_word' id='word_1_47' title='bbox 706 1188 833 1240; x_wconf 83' lang='lat' dir='ltr'>erectas</span> <span class='ocrx_word' id='word_1_48' title='bbox 846 1188 1018 1240; x_wconf 84' lang='lat' dir='ltr'>extremus</span> <span class='ocrx_word' id='word_1_49' title='bbox 1029 1173 1168 1262; x_wconf 79' lang='lat' dir='ltr'>virginis</span> <span class='ocrx_word' id='word_1_50' title='bbox 1183 1191 1282 1238; x_wconf 83' lang='lat' dir='ltr'>aures</span> 
     </span>
    </p>

    <p class='ocr_par' dir='ltr' id='par_1_7' title="bbox 410 1284 1280 1379">
     <span class='ocr_line' id='line_1_8' title="bbox 410 1284 1280 1379; baseline -0.005 -27"><span class='ocrx_word' id='word_1_51' title='bbox 410 1287 557 1352; x_wconf 85' lang='lat' dir='ltr'>Accessit</span> <span class='ocrx_word' id='word_1_52' title='bbox 569 1309 690 1353; x_wconf 92' lang='lat' dir='ltr'>sonus:</span> <span class='ocrx_word' id='word_1_53' title='bbox 704 1301 811 1379; x_wconf 89' lang='lat' dir='ltr'>utque</span> <span class='ocrx_word' id='word_1_54' title='bbox 822 1301 894 1352; x_wconf 82' lang='lat' dir='ltr'>atre</span> <span class='ocrx_word' id='word_1_55' title='bbox 906 1284 971 1353; x_wconf 83' lang='lat' dir='ltr'>sub</span> <span class='ocrx_word' id='word_1_56' title='bbox 982 1301 1092 1368; x_wconf 85' lang='lat' dir='ltr'>veste,</span> <span class='ocrx_word' id='word_1_57' title='bbox 1105 1285 1280 1377; x_wconf 86' lang='lat' dir='ltr'>comisque</span> 
     </span>
    </p>

    <p class='ocr_par' dir='ltr' id='par_1_8' title="bbox 410 1393 1295 1490">
     <span class='ocr_line' id='line_1_9' title="bbox 410 1393 1295 1490; baseline -0.002 -26"><span class='ocrx_word' id='word_1_58' title='bbox 410 1395 642 1490; x_wconf 84' lang='lat' dir='ltr'>Squalentem‚</span> <span class='ocrx_word' id='word_1_59' title='bbox 656 1413 690 1465; x_wconf 89' lang='lat' dir='ltr'>et</span> <span class='ocrx_word' id='word_1_60' title='bbox 703 1421 816 1465; x_wconf 84' lang='lat' dir='ltr'>cresso</span> <span class='ocrx_word' id='word_1_61' title='bbox 830 1396 989 1464; x_wconf 74' lang='lat' dir='ltr'>foedatam</span> <span class='ocrx_word' id='word_1_62' title='bbox 1004 1398 1168 1488; x_wconf 81' lang='lat' dir='ltr'>sanguine</span> <span class='ocrx_word' id='word_1_63' title='bbox 1179 1393 1295 1464; x_wconf 83' lang='lat' dir='ltr'>vultus</span> 
     </span>
    </p>

    <p class='ocr_par' dir='ltr' id='par_1_9' title="bbox 410 1507 1411 1604">
     <span class='ocr_line' id='line_1_10' title="bbox 410 1507 1411 1604; baseline -0.006 -28"><span class='ocrx_word' id='word_1_64' title='bbox 410 1513 586 1576; x_wconf 84' lang='lat' dir='ltr'>Astrorum</span> <span class='ocrx_word' id='word_1_65' title='bbox 597 1507 716 1591; x_wconf 84' lang='lat' dir='ltr'>radiis,</span> <span class='ocrx_word' id='word_1_66' title='bbox 729 1525 763 1576; x_wconf 90' lang='lat' dir='ltr'>et</span> <span class='ocrx_word' id='word_1_67' title='bbox 774 1525 919 1604; x_wconf 85' lang='lat' dir='ltr'>utraque</span> <span class='ocrx_word' id='word_1_68' title='bbox 932 1533 953 1576; x_wconf 84' lang='lat' dir='ltr'><strong>a</strong></span> <span class='ocrx_word' id='word_1_69' title='bbox 964 1508 1121 1603; x_wconf 85' lang='lat' dir='ltr'>lampade</span> <span class='ocrx_word' id='word_1_70' title='bbox 1135 1507 1234 1576; x_wconf 89' lang='lat' dir='ltr'>vidit:</span> <span class='ocrx_word' id='word_1_71' title='bbox 1360 1516 1411 1571; x_wconf 77' lang='lat'>³65</span> 
     </span>
    </p>

    <p class='ocr_par' dir='ltr' id='par_1_10' title="bbox 416 1617 1294 1716">
     <span class='ocr_line' id='line_1_11' title="bbox 416 1617 1294 1716; baseline 0 -28"><span class='ocrx_word' id='word_1_72' title='bbox 416 1617 559 1713; x_wconf 74' lang='lat' dir='ltr'>«Cujus,</span> <span class='ocrx_word' id='word_1_73' title='bbox 575 1623 637 1703; x_wconf 82' lang='lat' dir='ltr'>ait,</span> <span class='ocrx_word' id='word_1_74' title='bbox 651 1626 785 1705; x_wconf 84' lang='lat' dir='ltr'>Manes,</span> <span class='ocrx_word' id='word_1_75' title='bbox 798 1639 858 1689; x_wconf 89' lang='lat' dir='ltr'>aut</span> <span class='ocrx_word' id='word_1_76' title='bbox 869 1646 972 1716; x_wconf 91' lang='lat' dir='ltr'>quem</span> <span class='ocrx_word' id='word_1_77' title='bbox 983 1623 1161 1690; x_wconf 81' lang='lat' dir='ltr'>temerarie</span> <span class='ocrx_word' id='word_1_78' title='bbox 1173 1621 1294 1716; x_wconf 81' lang='lat' dir='ltr'>quaeris</span> 
     </span>
    </p>

    <p class='ocr_par' dir='ltr' id='par_1_11' title="bbox 412 1732 1228 1818">
     <span class='ocr_line' id='line_1_12' title="bbox 412 1732 1228 1818; baseline -0.001 -17"><span class='ocrx_word' id='word_1_79' title='bbox 412 1739 515 1802; x_wconf 81' lang='lat' dir='ltr'>Nocte</span> <span class='ocrx_word' id='word_1_80' title='bbox 526 1740 645 1802; x_wconf 76' lang='lat' dir='ltr'>mea?»</span> <span class='ocrx_word' id='word_1_81' title='bbox 666 1732 751 1803; x_wconf 93' lang='lat' dir='ltr'>nihil</span> <span class='ocrx_word' id='word_1_82' title='bbox 763 1734 820 1802; x_wconf 84' lang='lat' dir='ltr'>iila</span> <span class='ocrx_word' id='word_1_83' title='bbox 834 1734 909 1818; x_wconf 91' lang='lat' dir='ltr'>diu,</span> <span class='ocrx_word' id='word_1_84' title='bbox 922 1734 981 1803; x_wconf 89' lang='lat' dir='ltr'>sed</span> <span class='ocrx_word' id='word_1_85' title='bbox 996 1737 1031 1802; x_wconf 90' lang='lat' dir='ltr'>in</span> <span class='ocrx_word' id='word_1_86' title='bbox 1045 1759 1104 1802; x_wconf 83' lang='lat' dir='ltr'>ora</span> <span class='ocrx_word' id='word_1_87' title='bbox 1116 1737 1228 1802; x_wconf 83' lang='lat' dir='ltr'>meriti</span> 
     </span>
    </p>

    <p class='ocr_par' dir='ltr' id='par_1_12' title="bbox 412 1841 1215 1939">
     <span class='ocr_line' id='line_1_13' title="bbox 412 1841 1215 1939; baseline -0.001 -29"><span class='ocrx_word' id='word_1_88' title='bbox 412 1841 547 1937; x_wconf 88' lang='lat' dir='ltr'>Dejicit,</span> <span class='ocrx_word' id='word_1_89' title='bbox 560 1847 663 1939; x_wconf 89' lang='lat' dir='ltr'>inque</span> <span class='ocrx_word' id='word_1_90' title='bbox 676 1869 755 1912; x_wconf 89' lang='lat' dir='ltr'>suos</span> <span class='ocrx_word' id='word_1_91' title='bbox 768 1847 893 1937; x_wconf 81' lang='lat' dir='ltr'>puriter</span> <span class='ocrx_word' id='word_1_92' title='bbox 903 1843 1072 1912; x_wconf 81' lang='lat' dir='ltr'>velamina</span> <span class='ocrx_word' id='word_1_93' title='bbox 1083 1841 1215 1924; x_wconf 80' lang='lat' dir='ltr'>vultus,</span> 
     </span>
    </p>

    <p class='ocr_par' dir='ltr' id='par_1_13' title="bbox 412 1951 1290 2048">
     <span class='ocr_line' id='line_1_14' title="bbox 412 1951 1290 2048; baseline 0.001 -27"><span class='ocrx_word' id='word_1_94' title='bbox 412 1957 517 2047; x_wconf 86' lang='lat' dir='ltr'>Capta</span> <span class='ocrx_word' id='word_1_95' title='bbox 528 1971 621 2023; x_wconf 91' lang='lat' dir='ltr'>metu</span> <span class='ocrx_word' id='word_1_96' title='bbox 634 1955 762 2036; x_wconf 91' lang='lat' dir='ltr'>subito,</span> <span class='ocrx_word' id='word_1_97' title='bbox 778 1951 1000 2048; x_wconf 86' lang='lat' dir='ltr'>paullumque</span> <span class='ocrx_word' id='word_1_98' title='bbox 1012 1953 1117 2022; x_wconf 85' lang='lat' dir='ltr'>oblita</span> <span class='ocrx_word' id='word_1_99' title='bbox 1129 1951 1266 2020; x_wconf 76' lang='lat' dir='ltr'>dolciis.</span> <span class='ocrx_word' id='word_1_100' title='bbox 1287 2017 1290 2022; x_wconf 90' lang='lat'><em>.</em></span> 
     </span>
    </p>

    <p class='ocr_par' dir='ltr' id='par_1_14' title="bbox 413 2064 1415 2159">
     <span class='ocr_line' id='line_1_15' title="bbox 413 2064 1415 2159; baseline -0.006 -27"><span class='ocrx_word' id='word_1_101' title='bbox 413 2070 485 2133; x_wconf 92' lang='lat' dir='ltr'>Hoc</span> <span class='ocrx_word' id='word_1_102' title='bbox 496 2069 602 2158; x_wconf 73' lang='lat' dir='ltr'>magis</span> <span class='ocrx_word' id='word_1_103' title='bbox 616 2069 821 2159; x_wconf 83' lang='lat' dir='ltr'>increpitans</span> <span class='ocrx_word' id='word_1_104' title='bbox 835 2082 992 2159; x_wconf 88' lang='lat' dir='ltr'>suspecta</span> <span class='ocrx_word' id='word_1_105' title='bbox 1003 2064 1153 2148; x_wconf 85' lang='lat' dir='ltr'>silentia,</span> <span class='ocrx_word' id='word_1_106' title='bbox 1166 2077 1293 2158; x_wconf 85' lang='lat' dir='ltr'>perstat</span> <span class='ocrx_word' id='word_1_107' title='bbox 1361 2075 1415 2142; x_wconf 81' lang='lat'>370</span> 
     </span>
    </p>

    <p class='ocr_par' dir='ltr' id='par_1_15' title="bbox 414 2169 1398 2272">
     <span class='ocr_line' id='line_1_16' title="bbox 414 2169 1398 2272; baseline -0.003 -31"><span class='ocrx_word' id='word_1_108' title='bbox 414 2179 595 2268; x_wconf 73' lang='lat' dir='ltr'>Antigone,</span> <span class='ocrx_word' id='word_1_109' title='bbox 608 2182 834 2272; x_wconf 89' lang='lat' dir='ltr'>comitemque</span> <span class='ocrx_word' id='word_1_110' title='bbox 847 2200 1006 2269; x_wconf 87' lang='lat' dir='ltr'>premens</span> <span class='ocrx_word' id='word_1_111' title='bbox 1018 2179 1210 2271; x_wconf 82' lang='lat' dir='ltr'>ipsamque:</span> <span class='ocrx_word' id='word_1_112' title='bbox 1227 2172 1287 2242; x_wconf 86' lang='lat' dir='ltr'>sed</span> <span class='ocrx_word' id='word_1_113' title='bbox 1297 2169 1398 2239; x_wconf 89' lang='lat' dir='ltr'>nmbo</span> 
     </span>
    </p>
   </div>
   <div class='ocr_carea' id='block_1_3' title="bbox 326 2351 1456 4270">
    <p class='ocr_par' dir='ltr' id='par_1_16' title="bbox 366 2351 1419 2758">
     <span class='ocr_line' id='line_1_17' title="bbox 367 2351 1418 2438; baseline -0.002 -26"><span class='ocrx_word' id='word_1_114' title='bbox 367 2351 450 2413; x_wconf 63' lang='lat' dir='ltr'>&#39;libera</span> <span class='ocrx_word' id='word_1_115' title='bbox 466 2362 580 2415; x_wconf 85' lang='lat' dir='ltr'>tandem.</span> <span class='ocrx_word' id='word_1_116' title='bbox 600 2365 761 2417; x_wconf 73' lang='lat' dir='ltr'>«Distinctio</span> <span class='ocrx_word' id='word_1_117' title='bbox 778 2364 870 2417; x_wconf 80' lang='lat' dir='ltr'>vitiata</span> <span class='ocrx_word' id='word_1_118' title='bbox 949 2365 1011 2432; x_wconf 85' lang='grc'>364.</span> <span class='ocrx_word' id='word_1_119' title='bbox 1030 2363 1211 2438; x_wconf 79' lang='lat' dir='ltr'>Squalentem,</span> <span class='ocrx_word' id='word_1_120' title='bbox 1231 2371 1257 2414; x_wconf 85' lang='lat' dir='ltr'>et</span> <span class='ocrx_word' id='word_1_121' title='bbox 1269 2377 1349 2413; x_wconf 75' lang='lat' dir='ltr'>crasso</span> <span class='ocrx_word' id='word_1_122' title='bbox 1361 2355 1418 2430; x_wconf 83' lang='lat' dir='ltr'>foe·</span> 
     </span>
     <span class='ocr_line' id='line_1_18' title="bbox 367 2437 1419 2518; baseline 0.002 -26"><span class='ocrx_word' id='word_1_123' title='bbox 367 2445 440 2495; x_wconf 79' lang='lat' dir='ltr'>estin</span> <span class='ocrx_word' id='word_1_124' title='bbox 447 2442 868 2513; x_wconf 75' lang='lat' dir='ltr'>omnibuseditionibut,Grasser.</span> <span class='ocrx_word' id='word_1_125' title='bbox 914 2444 1003 2496; x_wconf 82' lang='lat' dir='ltr'>datam</span> <span class='ocrx_word' id='word_1_126' title='bbox 1017 2445 1143 2518; x_wconf 70' lang='lat' dir='ltr'>sanquine</span> <span class='ocrx_word' id='word_1_127' title='bbox 1157 2443 1250 2496; x_wconf 79' lang='lat' dir='ltr'>uultus.</span> <span class='ocrx_word' id='word_1_128' title='bbox 1264 2443 1328 2510; x_wconf 63' lang='lat' dir='ltr'>Rea.</span> <span class='ocrx_word' id='word_1_129' title='bbox 1341 2437 1419 2490; x_wconf 77' lang='lat' dir='ltr'>uha-</span> 
     </span>
     <span class='ocr_line' id='line_1_19' title="bbox 366 2516 1419 2600; baseline 0.003 -26"><span class='ocrx_word' id='word_1_130' title='bbox 366 2524 472 2575; x_wconf 77' lang='lat' dir='ltr'>Gevart.</span> <span class='ocrx_word' id='word_1_131' title='bbox 483 2525 560 2576; x_wconf 87' lang='lat' dir='ltr'>Bern.</span> <span class='ocrx_word' id='word_1_132' title='bbox 573 2526 752 2599; x_wconf 68' lang='lat' dir='ltr'>Lindenbroq.</span> <span class='ocrx_word' id='word_1_133' title='bbox 762 2541 812 2581; x_wconf 76' lang='lat' dir='ltr'>ete.</span> <span class='ocrx_word' id='word_1_134' title='bbox 828 2529 870 2582; x_wconf 87' lang='lat' dir='ltr'>Sic</span> <span class='ocrx_word' id='word_1_135' title='bbox 914 2525 974 2591; x_wconf 87' lang='lat' dir='ltr'>bet,</span> <span class='ocrx_word' id='word_1_136' title='bbox 985 2526 1169 2600; x_wconf 71' lang='lat' dir='ltr'>squalentem,</span> <span class='ocrx_word' id='word_1_137' title='bbox 1181 2537 1207 2578; x_wconf 86' lang='lat' dir='ltr'>et</span> <span class='ocrx_word' id='word_1_138' title='bbox 1217 2541 1298 2576; x_wconf 78' lang='lat' dir='ltr'>crasso</span> <span class='ocrx_word' id='word_1_139' title='bbox 1304 2516 1419 2593; x_wconf 63' lang='lat' dir='ltr'>sudatus</span> 
     </span>
     <span class='ocr_line' id='line_1_20' title="bbox 369 2603 1418 2678; baseline 0.005 -26"><span class='ocrx_word' id='word_1_140' title='bbox 369 2603 439 2652; x_wconf 88' lang='lat' dir='ltr'>enim</span> <span class='ocrx_word' id='word_1_141' title='bbox 451 2603 636 2655; x_wconf 76' lang='lat' dir='ltr'>constituenda</span> <span class='ocrx_word' id='word_1_142' title='bbox 640 2603 752 2676; x_wconf 81' lang='lat' dir='ltr'>fremitu</span> <span class='ocrx_word' id='word_1_143' title='bbox 762 2625 814 2678; x_wconf 84' lang='lat' dir='ltr'>quo</span> <span class='ocrx_word' id='word_1_144' title='bbox 825 2618 871 2657; x_wconf 75' lang='lat' dir='ltr'>teo·</span> <span class='ocrx_word' id='word_1_145' title='bbox 914 2607 1042 2676; x_wconf 73' lang='lat' dir='ltr'>sanquine</span> <span class='ocrx_word' id='word_1_146' title='bbox 1055 2605 1152 2666; x_wconf 82' lang='lat' dir='ltr'>vultus,·</span> <span class='ocrx_word' id='word_1_147' title='bbox 1166 2606 1230 2674; x_wconf 78' lang='lat' dir='ltr'>Reg.</span> <span class='ocrx_word' id='word_1_148' title='bbox 1246 2605 1283 2668; x_wconf 86' lang='lat' dir='ltr'>C,</span> <span class='ocrx_word' id='word_1_149' title='bbox 1297 2611 1323 2653; x_wconf 77' lang='lat' dir='ltr'>et</span> <span class='ocrx_word' id='word_1_150' title='bbox 1336 2615 1418 2652; x_wconf 62' lang='lat' dir='ltr'>cmo</span> 
     </span>
     <span class='ocr_line' id='line_1_21' title="bbox 369 2681 1369 2758; baseline -0.003 -25"><span class='ocrx_word' id='word_1_151' title='bbox 369 2682 431 2734; x_wconf 70' lang='lat' dir='ltr'>vitat</span> <span class='ocrx_word' id='word_1_152' title='bbox 442 2701 516 2754; x_wconf 73' lang='lat' dir='ltr'>aqms</span> <span class='ocrx_word' id='word_1_153' title='bbox 529 2683 556 2737; x_wconf 87' lang='lat' dir='ltr'><em>V</em></span> <span class='ocrx_word' id='word_1_154' title='bbox 553 2684 643 2757; x_wconf 74' lang='lat' dir='ltr'>irpinis</span> <span class='ocrx_word' id='word_1_155' title='bbox 656 2685 696 2737; x_wconf 85' lang='lat' dir='ltr'>ira</span> <span class='ocrx_word' id='word_1_156' title='bbox 710 2684 772 2752; x_wconf 81' lang='lat' dir='ltr'>ieoe,</span> <span class='ocrx_word' id='word_1_157' title='bbox 792 2686 872 2738; x_wconf 78' lang='lat' dir='ltr'>rabies</span> <span class='ocrx_word' id='word_1_158' title='bbox 910 2683 1057 2755; x_wconf 71' lang='lat' dir='ltr'>sedantem</span> <span class='ocrx_word' id='word_1_159' title='bbox 1068 2685 1197 2758; x_wconf 74' lang='lat' dir='ltr'>sanquine</span> <span class='ocrx_word' id='word_1_160' title='bbox 1209 2681 1303 2736; x_wconf 79' lang='lat' dir='ltr'>vultus.</span> <span class='ocrx_word' id='word_1_161' title='bbox 1321 2682 1369 2732; x_wconf 86' lang='lat' dir='ltr'>En.</span> 
     </span>
    </p>

    <p class='ocr_par' dir='ltr' id='par_1_17' title="bbox 368 2753 1456 2840">
     <span class='ocr_line' id='line_1_22' title="bbox 368 2753 1456 2840; baseline 0.009 -27"><span class='ocrx_word' id='word_1_162' title='bbox 368 2763 515 2827; x_wconf 83' lang='lat' dir='ltr'>eui‚etc.·</span> <span class='ocrx_word' id='word_1_163' title='bbox 536 2764 631 2815; x_wconf 73' lang='lat' dir='ltr'>Bucen.</span> <span class='ocrx_word' id='word_1_164' title='bbox 952 2767 1013 2820; x_wconf 86' lang='grc'><strong>365.</strong></span> <span class='ocrx_word' id='word_1_165' title='bbox 1037 2768 1152 2840; x_wconf 79' lang='lat' dir='ltr'>Utraque</span> <span class='ocrx_word' id='word_1_166' title='bbox 1169 2787 1185 2834; x_wconf 83' lang='lat' dir='ltr'>a</span> <span class='ocrx_word' id='word_1_167' title='bbox 1202 2763 1331 2837; x_wconf 76' lang='lat' dir='ltr'>lampade.</span> <span class='ocrx_word' id='word_1_168' title='bbox 1348 2760 1419 2822; x_wconf 74' lang='lat' dir='ltr'>soa,</span> <span class='ocrx_word' id='word_1_169' title='bbox 1448 2753 1456 2768; x_wconf 65' lang='grc'><strong>’</strong></span> 
     </span>
    </p>

    <p class='ocr_par' dir='ltr' id='par_1_18' title="bbox 368 2839 1421 3078">
     <span class='ocr_line' id='line_1_23' title="bbox 404 2839 1421 2920; baseline -0.002 -26"><span class='ocrx_word' id='word_1_170' title='bbox 404 2839 465 2894; x_wconf 84' lang='grc'><strong>358.</strong></span> <span class='ocrx_word' id='word_1_171' title='bbox 483 2842 515 2892; x_wconf 85' lang='grc' dir='ltr'>Ε.</span> <span class='ocrx_word' id='word_1_172' title='bbox 534 2861 562 2913; x_wconf 87' lang='lat' dir='ltr'>p.</span> <span class='ocrx_word' id='word_1_173' title='bbox 580 2862 600 2895; x_wconf 88' lang='lat' dir='ltr'>t.</span> <span class='ocrx_word' id='word_1_174' title='bbox 623 2861 658 2894; x_wconf 85' lang='lat' dir='ltr'>nt.</span> <span class='ocrx_word' id='word_1_175' title='bbox 677 2842 705 2914; x_wconf 83' lang='lat' dir='ltr'>f.</span> <span class='ocrx_word' id='word_1_176' title='bbox 724 2862 770 2896; x_wconf 81' lang='lat' dir='ltr'>nee</span> <span class='ocrx_word' id='word_1_177' title='bbox 792 2843 872 2916; x_wconf 73' lang='lat' dir='ltr'>lonqa</span> <span class='ocrx_word' id='word_1_178' title='bbox 916 2859 942 2900; x_wconf 88' lang='lat' dir='ltr'>et</span> <span class='ocrx_word' id='word_1_179' title='bbox 952 2846 996 2900; x_wconf 83' lang='lat' dir='ltr'>ilia</span> <span class='ocrx_word' id='word_1_180' title='bbox 1008 2849 1100 2920; x_wconf 70' lang='lat' dir='ltr'>Argiae.</span> <span class='ocrx_word' id='word_1_181' title='bbox 1114 2850 1181 2900; x_wconf 85' lang='lat' dir='ltr'>Nem</span> <span class='ocrx_word' id='word_1_182' title='bbox 1196 2863 1275 2917; x_wconf 83' lang='lat' dir='ltr'>cupre</span> <span class='ocrx_word' id='word_1_183' title='bbox 1287 2843 1352 2895; x_wconf 82' lang='lat' dir='ltr'>dixit</span> <span class='ocrx_word' id='word_1_184' title='bbox 1362 2842 1421 2893; x_wconf 75' lang='lat' dir='ltr'>An-</span> 
     </span>
     <span class='ocr_line' id='line_1_24' title="bbox 369 2921 1419 2998; baseline 0 -26"><span class='ocrx_word' id='word_1_185' title='bbox 369 2931 469 2972; x_wconf 77' lang='lat' dir='ltr'>morata</span> <span class='ocrx_word' id='word_1_186' title='bbox 480 2933 524 2976; x_wconf 86' lang='lat' dir='ltr'>est.</span> <span class='ocrx_word' id='word_1_187' title='bbox 538 2923 618 2994; x_wconf 70' lang='lat' dir='ltr'>Regg.</span> <span class='ocrx_word' id='word_1_188' title='bbox 630 2925 651 2974; x_wconf 90' lang='lat' dir='ltr'><strong>B</strong></span> <span class='ocrx_word' id='word_1_189' title='bbox 665 2937 691 2976; x_wconf 84' lang='lat' dir='ltr'>et</span> <span class='ocrx_word' id='word_1_190' title='bbox 705 2923 742 2991; x_wconf 91' lang='lat' dir='ltr'>C,</span> <span class='ocrx_word' id='word_1_191' title='bbox 754 2941 802 2976; x_wconf 81' lang='lat' dir='ltr'>nec</span> <span class='ocrx_word' id='word_1_192' title='bbox 813 2923 872 2978; x_wconf 86' lang='lat' dir='ltr'>lon·</span> <span class='ocrx_word' id='word_1_193' title='bbox 916 2928 1033 2998; x_wconf 72' lang='lat' dir='ltr'>tigonem</span> <span class='ocrx_word' id='word_1_194' title='bbox 1042 2927 1189 2980; x_wconf 79' lang='lat' dir='ltr'>edbustum</span> <span class='ocrx_word' id='word_1_195' title='bbox 1197 2927 1282 2979; x_wconf 73' lang='lat' dir='ltr'>fecem</span> <span class='ocrx_word' id='word_1_196' title='bbox 1290 2921 1419 2976; x_wconf 74' lang='lat' dir='ltr'>attulisse.</span> 
     </span>
     <span class='ocr_line' id='line_1_25' title="bbox 368 3003 1421 3078; baseline 0 -27"><span class='ocrx_word' id='word_1_197' title='bbox 368 3021 403 3074; x_wconf 73' lang='lat' dir='ltr'>pa</span> <span class='ocrx_word' id='word_1_198' title='bbox 417 3013 518 3055; x_wconf 83' lang='lat' dir='ltr'>morata</span> <span class='ocrx_word' id='word_1_199' title='bbox 530 3003 661 3056; x_wconf 75' lang='lat' dir='ltr'>exhibent.</span> <span class='ocrx_word' id='word_1_200' title='bbox 681 3005 728 3057; x_wconf 84' lang='lat' dir='ltr'>Eo.</span> <span class='ocrx_word' id='word_1_201' title='bbox 953 3005 1013 3058; x_wconf 85' lang='grc'><strong>366.</strong></span> <span class='ocrx_word' id='word_1_202' title='bbox 1024 3008 1113 3078; x_wconf 71' lang='lat' dir='ltr'>th&#39;ut,</span> <span class='ocrx_word' id='word_1_203' title='bbox 1121 3006 1168 3068; x_wconf 84' lang='lat' dir='ltr'>ait,</span> <span class='ocrx_word' id='word_1_204' title='bbox 1176 3005 1282 3069; x_wconf 82' lang='lat' dir='ltr'>Manes,</span> <span class='ocrx_word' id='word_1_205' title='bbox 1290 3013 1421 3072; x_wconf 81' lang='lat' dir='ltr'>autquem</span> 
     </span>
    </p>

    <p class='ocr_par' dir='ltr' id='par_1_19' title="bbox 326 3079 1420 3312">
     <span class='ocr_line' id='line_1_26' title="bbox 406 3079 1419 3158; baseline -0.002 -26"><span class='ocrx_word' id='word_1_206' title='bbox 406 3079 467 3154; x_wconf 83' lang='lat'><strong>359.</strong></span> <span class='ocrx_word' id='word_1_207' title='bbox 488 3083 605 3156; x_wconf 82' lang='lat' dir='ltr'>Quippe,</span> <span class='ocrx_word' id='word_1_208' title='bbox 616 3098 667 3136; x_wconf 84' lang='lat' dir='ltr'>etc.</span> <span class='ocrx_word' id='word_1_209' title='bbox 679 3086 757 3136; x_wconf 86' lang='lat' dir='ltr'>Hunc</span> <span class='ocrx_word' id='word_1_210' title='bbox 769 3101 873 3137; x_wconf 79' lang='lat' dir='ltr'>versum</span> <span class='ocrx_word' id='word_1_211' title='bbox 919 3085 1056 3138; x_wconf 79' lang='lat' dir='ltr'>temeraria</span> <span class='ocrx_word' id='word_1_212' title='bbox 1069 3084 1173 3158; x_wconf 79' lang='lat' dir='ltr'>quatit.</span> <span class='ocrx_word' id='word_1_213' title='bbox 1187 3085 1251 3155; x_wconf 74' lang='lat' dir='ltr'>Reg.</span> <span class='ocrx_word' id='word_1_214' title='bbox 1267 3084 1288 3134; x_wconf 88' lang='lat' dir='ltr'><strong>B</strong></span> <span class='ocrx_word' id='word_1_215' title='bbox 1299 3079 1419 3145; x_wconf 76' lang='lat' dir='ltr'>exhibet,</span> 
     </span>
     <span class='ocr_line' id='line_1_27' title="bbox 326 3157 1420 3237; baseline 0.004 -26"><span class='ocrx_word' id='word_1_216' title='bbox 326 3181 343 3190; x_wconf 82' lang='grc'><strong>-</strong></span> <span class='ocrx_word' id='word_1_217' title='bbox 371 3172 397 3212; x_wconf 86' lang='lat' dir='ltr'>et</span> <span class='ocrx_word' id='word_1_218' title='bbox 416 3180 459 3212; x_wconf 79' lang='lat' dir='ltr'>sex</span> <span class='ocrx_word' id='word_1_219' title='bbox 479 3177 616 3234; x_wconf 82' lang='lat' dir='ltr'>sequentes</span> <span class='ocrx_word' id='word_1_220' title='bbox 633 3165 757 3218; x_wconf 82' lang='lat' dir='ltr'>insititios</span> <span class='ocrx_word' id='word_1_221' title='bbox 770 3165 875 3237; x_wconf 79' lang='lat' dir='ltr'>judicet</span> <span class='ocrx_word' id='word_1_222' title='bbox 918 3174 966 3215; x_wconf 86' lang='lat' dir='ltr'>aut</span> <span class='ocrx_word' id='word_1_223' title='bbox 977 3181 1035 3235; x_wconf 77' lang='lat' dir='ltr'>qua·</span> <span class='ocrx_word' id='word_1_224' title='bbox 1049 3163 1186 3215; x_wconf 83' lang='lat' dir='ltr'>temeraria</span> <span class='ocrx_word' id='word_1_225' title='bbox 1199 3161 1306 3234; x_wconf 53' lang='grc' dir='ltr'>φανήῃ</span> <span class='ocrx_word' id='word_1_226' title='bbox 1320 3157 1420 3229; x_wconf 65' lang='lat' dir='ltr'>Rea-C</span> 
     </span>
     <span class='ocr_line' id='line_1_28' title="bbox 371 3239 1177 3312; baseline 0.004 -21"><span class='ocrx_word' id='word_1_227' title='bbox 371 3239 497 3312; x_wconf 77' lang='lat' dir='ltr'>Guyetue.</span> <span class='ocrx_word' id='word_1_228' title='bbox 919 3257 1036 3295; x_wconf 81' lang='lat' dir='ltr'>nostram</span> <span class='ocrx_word' id='word_1_229' title='bbox 1053 3244 1112 3295; x_wconf 87' lang='lat' dir='ltr'>ieet.</span> <span class='ocrx_word' id='word_1_230' title='bbox 1132 3245 1177 3294; x_wconf 84' lang='lat' dir='ltr'>En.</span> 
     </span>
    </p>

    <p class='ocr_par' dir='ltr' id='par_1_20' title="bbox 371 3313 1422 3631">
     <span class='ocr_line' id='line_1_29' title="bbox 408 3313 1421 3398; baseline -0.003 -27"><span class='ocrx_word' id='word_1_231' title='bbox 408 3319 469 3374; x_wconf 79' lang='lat'>361.</span> <span class='ocrx_word' id='word_1_232' title='bbox 490 3323 537 3374; x_wconf 77' lang='lat' dir='ltr'>cat</span> <span class='ocrx_word' id='word_1_233' title='bbox 549 3334 623 3378; x_wconf 79' lang='lat' dir='ltr'>uacat</span> <span class='ocrx_word' id='word_1_234' title='bbox 632 3323 744 3398; x_wconf 85' lang='lat' dir='ltr'>(cavet).</span> <span class='ocrx_word' id='word_1_235' title='bbox 758 3325 875 3392; x_wconf 80' lang='lat' dir='ltr'>Quidam</span> <span class='ocrx_word' id='word_1_236' title='bbox 955 3321 1017 3392; x_wconf 86' lang='lat'>367.</span> <span class='ocrx_word' id='word_1_237' title='bbox 1035 3323 1121 3376; x_wconf 82' lang='lat' dir='ltr'>Nocte</span> <span class='ocrx_word' id='word_1_238' title='bbox 1134 3340 1201 3373; x_wconf 82' lang='lat' dir='ltr'>men.</span> <span class='ocrx_word' id='word_1_239' title='bbox 1217 3321 1282 3389; x_wconf 75' lang='lat' dir='ltr'>Qute</span> <span class='ocrx_word' id='word_1_240' title='bbox 1294 3315 1342 3370; x_wconf 82' lang='lat' dir='ltr'>soii</span> <span class='ocrx_word' id='word_1_241' title='bbox 1356 3313 1421 3368; x_wconf 84' lang='lat' dir='ltr'>mihi</span> 
     </span>
     <span class='ocr_line' id='line_1_30' title="bbox 371 3396 1420 3474; baseline 0.004 -27"><span class='ocrx_word' id='word_1_242' title='bbox 371 3396 463 3466; x_wconf 80' lang='lat' dir='ltr'>legunt</span> <span class='ocrx_word' id='word_1_243' title='bbox 475 3411 563 3467; x_wconf 84' lang='lat' dir='ltr'>uacat,</span> <span class='ocrx_word' id='word_1_244' title='bbox 575 3415 602 3453; x_wconf 90' lang='lat' dir='ltr'>et</span> <span class='ocrx_word' id='word_1_245' title='bbox 614 3402 760 3474; x_wconf 81' lang='lat' dir='ltr'>explicant,</span> <span class='ocrx_word' id='word_1_246' title='bbox 773 3417 872 3457; x_wconf 82' lang='lat' dir='ltr'>cesset:</span> <span class='ocrx_word' id='word_1_247' title='bbox 920 3399 1079 3466; x_wconf 81' lang='lat' dir='ltr'>debebatur,</span> <span class='ocrx_word' id='word_1_248' title='bbox 1091 3419 1126 3452; x_wconf 90' lang='lat' dir='ltr'>ne</span> <span class='ocrx_word' id='word_1_249' title='bbox 1141 3401 1200 3472; x_wconf 85' lang='lat' dir='ltr'>quit</span> <span class='ocrx_word' id='word_1_250' title='bbox 1212 3417 1253 3451; x_wconf 87' lang='lat' dir='ltr'>me</span> <span class='ocrx_word' id='word_1_251' title='bbox 1270 3397 1304 3450; x_wconf 88' lang='lat' dir='ltr'>ab</span> <span class='ocrx_word' id='word_1_252' title='bbox 1316 3397 1420 3468; x_wconf 72' lang='lat' dir='ltr'>egregio</span> 
     </span>
     <span class='ocr_line' id='line_1_31' title="bbox 372 3476 1422 3557; baseline -0.001 -29"><span class='ocrx_word' id='word_1_253' title='bbox 372 3495 433 3528; x_wconf 82' lang='lat' dir='ltr'>nam</span> <span class='ocrx_word' id='word_1_254' title='bbox 456 3476 513 3530; x_wconf 81' lang='lat' dir='ltr'>cole</span> <span class='ocrx_word' id='word_1_255' title='bbox 533 3482 612 3551; x_wconf 73' lang='lat' dir='ltr'>Argia</span> <span class='ocrx_word' id='word_1_256' title='bbox 633 3483 721 3536; x_wconf 81' lang='lat' dir='ltr'>funeri</span> <span class='ocrx_word' id='word_1_257' title='bbox 744 3483 874 3557; x_wconf 78' lang='lat' dir='ltr'>Polynicis</span> <span class='ocrx_word' id='word_1_258' title='bbox 921 3501 1002 3553; x_wconf 84' lang='lat' dir='ltr'>opere</span> <span class='ocrx_word' id='word_1_259' title='bbox 1014 3481 1164 3554; x_wconf 83' lang='lat' dir='ltr'>impediret.</span> <span class='ocrx_word' id='word_1_260' title='bbox 1174 3483 1231 3532; x_wconf 86' lang='lat' dir='ltr'>Vet.</span> <span class='ocrx_word' id='word_1_261' title='bbox 1244 3476 1332 3532; x_wconf 86' lang='lat' dir='ltr'>Sebol.</span> <span class='ocrx_word' id='word_1_262' title='bbox 1344 3477 1422 3549; x_wconf 90' lang='lat' dir='ltr'>Opti·</span> 
     </span>
     <span class='ocr_line' id='line_1_32' title="bbox 373 3557 1420 3631; baseline -0.002 -23"><span class='ocrx_word' id='word_1_263' title='bbox 373 3568 430 3608; x_wconf 82' lang='lat' dir='ltr'>erat</span> <span class='ocrx_word' id='word_1_264' title='bbox 441 3557 551 3611; x_wconf 79' lang='lat' dir='ltr'>intentu.</span> <span class='ocrx_word' id='word_1_265' title='bbox 920 3579 974 3612; x_wconf 88' lang='lat' dir='ltr'>me:</span> <span class='ocrx_word' id='word_1_266' title='bbox 986 3579 1058 3631; x_wconf 75' lang='lat' dir='ltr'>«que</span> <span class='ocrx_word' id='word_1_267' title='bbox 1066 3558 1130 3611; x_wconf 87' lang='lat' dir='ltr'>mihi</span> <span class='ocrx_word' id='word_1_268' title='bbox 1138 3559 1420 3618; x_wconf 77' lang='lat' dir='ltr'>soiieoncessnmerat‚</span> 
     </span>
    </p>

    <p class='ocr_par' dir='ltr' id='par_1_21' title="bbox 374 3635 1427 4270">
     <span class='ocr_line' id='line_1_33' title="bbox 409 3635 1422 3710; baseline 0.007 -26"><span class='ocrx_word' id='word_1_269' title='bbox 409 3636 470 3690; x_wconf 83' lang='lat'><strong>362.</strong></span> <span class='ocrx_word' id='word_1_270' title='bbox 492 3639 577 3708; x_wconf 79' lang='lat' dir='ltr'>Quam</span> <span class='ocrx_word' id='word_1_271' title='bbox 597 3653 683 3695; x_wconf 70' lang='lat' dir='ltr'>tamen</span> <span class='ocrx_word' id='word_1_272' title='bbox 699 3655 808 3710; x_wconf 67' lang='lat' dir='ltr'>metas,</span> <span class='ocrx_word' id='word_1_273' title='bbox 824 3659 874 3696; x_wconf 76' lang='lat' dir='ltr'>eto.</span> <span class='ocrx_word' id='word_1_274' title='bbox 922 3642 1023 3692; x_wconf 72' lang='lat' dir='ltr'>exire.»</span> <span class='ocrx_word' id='word_1_275' title='bbox 1043 3640 1170 3692; x_wconf 72' lang='lat' dir='ltr'>Licetne.</span> <span class='ocrx_word' id='word_1_276' title='bbox 1191 3638 1241 3692; x_wconf 86' lang='lat' dir='ltr'>Sed</span> <span class='ocrx_word' id='word_1_277' title='bbox 1256 3651 1341 3704; x_wconf 74' lang='lat' dir='ltr'>ert-ot,</span> <span class='ocrx_word' id='word_1_278' title='bbox 1355 3635 1422 3688; x_wconf 85' lang='lat' dir='ltr'>nihil</span> 
     </span>
     <span class='ocr_line' id='line_1_34' title="bbox 377 3716 1423 3794; baseline 0 -28"><span class='ocrx_word' id='word_1_279' title='bbox 377 3716 875 3794; x_wconf 73' lang='lat' dir='ltr'>aManuscriptiarreptas(proerectns),</span> <span class='ocrx_word' id='word_1_280' title='bbox 921 3721 991 3773; x_wconf 89' lang='lat' dir='ltr'>enim</span> <span class='ocrx_word' id='word_1_281' title='bbox 1006 3719 1057 3772; x_wconf 83' lang='lat' dir='ltr'>tuie</span> <span class='ocrx_word' id='word_1_282' title='bbox 1072 3738 1229 3772; x_wconf 83' lang='lat' dir='ltr'>concessum</span> <span class='ocrx_word' id='word_1_283' title='bbox 1244 3729 1300 3770; x_wconf 81' lang='lat' dir='ltr'>eret</span> <span class='ocrx_word' id='word_1_284' title='bbox 1312 3717 1423 3786; x_wconf 73' lang='lat' dir='ltr'>Antigo-</span> 
     </span>
     <span class='ocr_line' id='line_1_35' title="bbox 375 3796 1423 3870; baseline 0.004 -26"><span class='ocrx_word' id='word_1_285' title='bbox 375 3807 421 3845; x_wconf 82' lang='lat' dir='ltr'>aut</span> <span class='ocrx_word' id='word_1_286' title='bbox 436 3806 559 3862; x_wconf 79' lang='lat' dir='ltr'>arrectas,</span> <span class='ocrx_word' id='word_1_287' title='bbox 575 3797 673 3849; x_wconf 80' lang='lat' dir='ltr'>hahent</span> <span class='ocrx_word' id='word_1_288' title='bbox 683 3797 820 3870; x_wconf 82' lang='lat' dir='ltr'>plerique:</span> <span class='ocrx_word' id='word_1_289' title='bbox 834 3803 877 3852; x_wconf 90' lang='lat' dir='ltr'>ni·</span> <span class='ocrx_word' id='word_1_290' title='bbox 921 3821 978 3864; x_wconf 62' lang='grc' dir='ltr'>ηας</span> <span class='ocrx_word' id='word_1_291' title='bbox 994 3814 1040 3853; x_wconf 84' lang='lat' dir='ltr'>eut</span> <span class='ocrx_word' id='word_1_292' title='bbox 1055 3801 1198 3853; x_wconf 85' lang='lat' dir='ltr'>mendosus</span> <span class='ocrx_word' id='word_1_293' title='bbox 1218 3812 1272 3865; x_wconf 81' lang='lat' dir='ltr'>est,</span> <span class='ocrx_word' id='word_1_294' title='bbox 1291 3811 1317 3850; x_wconf 88' lang='lat' dir='ltr'>et</span> <span class='ocrx_word' id='word_1_295' title='bbox 1334 3796 1423 3867; x_wconf 69' lang='lat' dir='ltr'>legen·</span> 
     </span>
     <span class='ocr_line' id='line_1_36' title="bbox 374 3870 1421 3944; baseline 0.007 -22"><span class='ocrx_word' id='word_1_296' title='bbox 374 3870 412 3923; x_wconf 88' lang='lat' dir='ltr'>hii</span> <span class='ocrx_word' id='word_1_297' title='bbox 429 3884 516 3925; x_wconf 83' lang='lat' dir='ltr'>tomen</span> <span class='ocrx_word' id='word_1_298' title='bbox 533 3893 547 3926; x_wconf 80' lang='lat' dir='ltr'>e</span> <span class='ocrx_word' id='word_1_299' title='bbox 567 3874 673 3944; x_wconf 71' lang='lat' dir='ltr'>vulgata</span> <span class='ocrx_word' id='word_1_300' title='bbox 689 3876 801 3930; x_wconf 84' lang='lat' dir='ltr'>lectione</span> <span class='ocrx_word' id='word_1_301' title='bbox 818 3899 877 3931; x_wconf 85' lang='lat' dir='ltr'>mu·</span> <span class='ocrx_word' id='word_1_302' title='bbox 921 3881 999 3933; x_wconf 80' lang='lat' dir='ltr'>dum:</span> <span class='ocrx_word' id='word_1_303' title='bbox 1012 3881 1082 3933; x_wconf 73' lang='lat' dir='ltr'>nsoii</span> <span class='ocrx_word' id='word_1_304' title='bbox 1092 3880 1246 3934; x_wconf 83' lang='lat' dir='ltr'>conclusum</span> <span class='ocrx_word' id='word_1_305' title='bbox 1257 3892 1312 3931; x_wconf 80' lang='lat' dir='ltr'>eret</span> <span class='ocrx_word' id='word_1_306' title='bbox 1320 3877 1421 3930; x_wconf 76' lang='lat' dir='ltr'>exire.-</span> 
     </span>
     <span class='ocr_line' id='line_1_37' title="bbox 374 3952 1425 4034; baseline 0.003 -30"><span class='ocrx_word' id='word_1_307' title='bbox 374 3952 516 4005; x_wconf 79' lang='lat' dir='ltr'>tandum.·</span> <span class='ocrx_word' id='word_1_308' title='bbox 537 3956 633 4006; x_wconf 72' lang='lat' dir='ltr'>Bucen.</span> <span class='ocrx_word' id='word_1_309' title='bbox 652 3985 689 3996; x_wconf 91' lang='lat'>—</span> <span class='ocrx_word' id='word_1_310' title='bbox 704 3958 814 4012; x_wconf 76' lang='lat' dir='ltr'>Erectus.</span> <span class='ocrx_word' id='word_1_311' title='bbox 836 3961 877 4011; x_wconf 81' lang='lat' dir='ltr'>An</span> <span class='ocrx_word' id='word_1_312' title='bbox 921 3963 951 4013; x_wconf 88' lang='lat' dir='ltr'>ln</span> <span class='ocrx_word' id='word_1_313' title='bbox 959 3962 1202 4034; x_wconf 82' lang='lat' dir='ltr'>quamseutenticm</span> <span class='ocrx_word' id='word_1_314' title='bbox 1211 3955 1359 4031; x_wconf 83' lang='lat' dir='ltr'>propendet</span> <span class='ocrx_word' id='word_1_315' title='bbox 1368 3957 1425 4008; x_wconf 86' lang='lat' dir='ltr'>ani·</span> 
     </span>
     <span class='ocr_line' id='line_1_38' title="bbox 375 4034 1105 4092; baseline 0.011 -10"><span class='ocrx_word' id='word_1_316' title='bbox 375 4035 501 4084; x_wconf 79' lang='lat' dir='ltr'>arrectas?</span> <span class='ocrx_word' id='word_1_317' title='bbox 511 4034 618 4086; x_wconf 74' lang='lat' dir='ltr'>Erectus</span> <span class='ocrx_word' id='word_1_318' title='bbox 628 4053 691 4086; x_wconf 82' lang='lat' dir='ltr'>vero</span> <span class='ocrx_word' id='word_1_319' title='bbox 702 4054 775 4088; x_wconf 83' lang='lat' dir='ltr'>more</span> <span class='ocrx_word' id='word_1_320' title='bbox 784 4040 879 4090; x_wconf 86' lang='lat' dir='ltr'>timen·</span> <span class='ocrx_word' id='word_1_321' title='bbox 922 4058 990 4092; x_wconf 83' lang='lat' dir='ltr'>mue.</span> <span class='ocrx_word' id='word_1_322' title='bbox 1010 4042 1105 4092; x_wconf 69' lang='lat' dir='ltr'>Benna.</span> 
     </span>
     <span class='ocr_line' id='line_1_39' title="bbox 376 4111 1427 4190; baseline 0.009 -28"><span class='ocrx_word' id='word_1_323' title='bbox 376 4111 460 4163; x_wconf 73' lang='lat' dir='ltr'>uum:</span> <span class='ocrx_word' id='word_1_324' title='bbox 479 4111 513 4164; x_wconf 81' lang='lat' dir='ltr'>ed</span> <span class='ocrx_word' id='word_1_325' title='bbox 527 4114 666 4168; x_wconf 82' lang='lat' dir='ltr'>minimum</span> <span class='ocrx_word' id='word_1_326' title='bbox 680 4118 750 4170; x_wconf 87' lang='lat' dir='ltr'>enim</span> <span class='ocrx_word' id='word_1_327' title='bbox 761 4135 878 4170; x_wconf 79' lang='lat' dir='ltr'>murmur</span> <span class='ocrx_word' id='word_1_328' title='bbox 959 4121 1020 4190; x_wconf 82' lang='lat'><strong>371.</strong></span> <span class='ocrx_word' id='word_1_329' title='bbox 1034 4121 1170 4173; x_wconf 79' lang='lat' dir='ltr'>Comitem.</span> <span class='ocrx_word' id='word_1_330' title='bbox 1182 4122 1325 4172; x_wconf 69' lang='lat' dir='ltr'>Menoeten.</span> <span class='ocrx_word' id='word_1_331' title='bbox 1336 4143 1369 4158; x_wconf 93' lang='grc'>-·</span> <span class='ocrx_word' id='word_1_332' title='bbox 1380 4115 1427 4186; x_wconf 72' lang='lat' dir='ltr'>lp·</span> 
     </span>
     <span class='ocr_line' id='line_1_40' title="bbox 378 4192 1156 4270; baseline 0.006 -25"><span class='ocrx_word' id='word_1_333' title='bbox 378 4207 453 4245; x_wconf 73' lang='lat' dir='ltr'>aurea</span> <span class='ocrx_word' id='word_1_334' title='bbox 467 4192 579 4262; x_wconf 68' lang='lat' dir='ltr'>erigunt,</span> <span class='ocrx_word' id='word_1_335' title='bbox 923 4217 1036 4270; x_wconf 81' lang='lat' dir='ltr'>samque.</span> <span class='ocrx_word' id='word_1_336' title='bbox 1049 4200 1156 4270; x_wconf 73' lang='lat' dir='ltr'>Argian.</span> 
     </span>
    </p>
   </div>
   <div class='ocr_carea' id='block_1_4' title="bbox 0 0 1654 5160">
    <p class='ocr_par' dir='ltr' id='par_1_22' title="bbox 0 0 1654 5160">
     <span class='ocr_line' id='line_1_41' title="bbox 0 0 1654 5160; baseline 0 0"><span class='ocrx_word' id='word_1_337' title='bbox 0 0 1654 5160; x_wconf 95' lang='lat' dir='ltr'> </span> 
     </span>
    </p>
   </div>
  </div>
 </body>
</html>
