3196 5158
376 544 418 608 st
610 541 645 604 P.
671 542 708 608 P.
734 539 887 607 STATll
912 543 1187 612 THEBAIDOS

419 670 628 761 Quocunque
636 667 1377 760 ingressinremere,acmiserescerecuuctos

420 774 633 859 Thebarum
646 779 704 870 qui
717 779 820 870 stirpe
831 776 948 862 refert,
962 780 1020 872 qui
1031 769 1184 864 nornine,
1197 795 1231 846 et
1242 784 1356 848 armis.
1368 796 1414 848 231

422 887 483 955 Ille
494 902 623 955 metum
634 886 798 972 condens,
810 887 926 956 audire
938 893 1107 982 exposcit,
1120 906 1153 957 et
1164 888 1235 958 odit

421 1003 633 1066 Narroutem.
647 1000 734 1066 Hinc
744 997 842 1068 dictis
849 1002 963 1074 socios
976 999 1165 1085 stimulare,
1178 1025 1324 1096 suasque

422 1110 535 1176 Metiri
548 1109 697 1177 decernit
708 1134 810 1204 opes:
825 1113 993 1179 exciverat
1002 1135 1140 1178 omnem

422 1221 836 1318 Aoniam,Euboeamque,
847 1239 881 1291 et
890 1220 1054 1295 Phocidos
1064 1224 1353 1322 arvapropinquae
1369 1234 1420 1288 235

422 1335 516 1400 Mars
528 1357 536 1398 ε
548 1332 595 1400 ita
607 1330 706 1401 dulce
717 1334 803 1405 Jovi.
816 1334 933 1427 Longo
945 1333 1031 1426 fugit
1042 1333 1160 1404 ordine
1172 1333 1271 1403 velox

378 1509 382 1516 .
423 1441 789 1536 Tessera3propellunt
798 1443 902 1527 acies,
915 1465 1056 1540 seseque
1068 1444 1132 1513 sub
1143 1445 1246 1513 armis

416 1625 878 1703 230.Quacnnqnein9ressitmmere‚
924 1628 1011 1686 Barth.
1033 1643 1059 1684 et
1080 1627 1205 1703 Delphin.
1225 1630 1339 1685 decernit
1356 1649 1422 1704 opes.

378 1723 411 1759 ac
427 1707 583 1760 miserescere
600 1718 706 1762 cunctos
725 1707 879 1760 Thebarum.
961 1711 1020 1764 235.
1039 1711 1163 1764 Aoniam.
1177 1715 1311 1764 Boeotiam.
1323 1739 1360 1750 —
1370 1712 1425 1762 Eu-

378 1787 511 1858 Guyetus:
524 1785 643 1840 Thebani
656 1800 785 1854 tremunt,
796 1801 882 1840 exter·
925 1789 1425 1865 reamque.Euboennohialteqrrponn

379 1868 407 1917 ni
416 1867 758 1940 miserescunt—Inpressi
767 1879 881 1920 tremere.
925 1866 1010 1922 insula
1022 1870 1104 1920 Maris
1116 1870 1209 1940 digeri,
1221 1887 1236 1921 a
1248 1871 1349 1921 Boeotia
1361 1866 1426 1919 divi-

379 1945 506 2016 Corrige,
528 1947 672 2020 inpressas,
695 1946 809 2020 supple,
828 1959 883 1998 erat
926 1966 954 2000 sa
964 1947 1130 2000 tammodico
1138 1949 1237 2021 Euripo
1245 1948 1427 2014 interfluente,

367 2026 497 2078 'nuntius
513 2025 665 2079 Parenthesi
680 2041 769 2080 autem
783 2025 883 2079 includi
926 2041 957 2080 ut
969 2039 1052 2100 ponte
1063 2030 1204 2099 jungatur:
1218 2028 1354 2081 aMeridie
1366 2046 1428 2099 pro·

380 2103 488 2157 debent.
508 2107 680 2159 Psrntswut.
927 2107 1066 2158 montoriis
1075 2105 1195 2174 duobus,
1204 2108 1314 2159 Geresto
1325 2105 1358 2158 ad
1365 2107 1429 2157 Atti·

418 2184 479 2238 23¹.
500 2186 550 2256 Qui
567 2185 646 2257 stirpe
659 2185 756 2258 refert,
772 2186 819 2260 qai
836 2204 884 2238 no·
927 2202 987 2235 carn
995 2197 1135 2255 vergente,
1149 2198 1174 2236 et
1183 2183 1217 2236 ad
1227 2184 1428 2256 Hellespontum

380 2262 467 2330 mine,
479 2273 505 2317 et
515 2265 602 2316 annis.
612 2266 735 2334 Corripe,
744 2285 796 2336 quo
806 2267 884 2338 stirpe
928 2260 1066 2333 Caphareo
1080 2263 1201 2332 insignis,
1214 2283 1229 2314 a
1242 2263 1429 2334 septemtrione

380 2341 474 2411 refert,
483 2363 534 2416 quo
546 2345 668 2408 nomine‚·
680 2363 737 2415 que
747 2344 885 2397 referenda
928 2341 1022 2395 caneo
1032 2362 1038 2394 ι
1050 2360 1179 2413 nusquam
1187 2343 1351 2396 latitudinem
1360 2341 1430 2394 ultra

382 2434 446 2472 sunt
459 2419 493 2473 ad
506 2441 598 2475 rocem
611 2440 692 2493 supra
707 2424 826 2491 nuntius,
840 2424 885 2494 qui
929 2421 965 2488 4ο
977 2419 1059 2472 millia
1075 2438 1202 2492 passuum
1220 2419 1350 2485 extendit,
1365 2437 1431 2470 nus·

383 2513 475 2553 narrat
499 2519 553 2572 quo
577 2503 689 2574 quisque
710 2519 806 2572 genere
833 2504 884 2562 sit;
931 2517 1010 2572 quam
1028 2501 1097 2551 intra
1118 2516 1150 2552 πο
1169 2497 1318 2551 contrahit:
1339 2497 1432 2550 sedin

384 2578 458 2649 quod
471 2598 570 2632 nomeu
584 2593 610 2632 et
622 2599 680 2652 quse
694 2599 765 2632 arma
777 2579 883 2633 habeat.
929 2579 1125 2652 longitudinem
1138 2582 1265 2632 universae
1278 2579 1383 2632 Boeotiae
1398 2576 1432 2630 ab

385 2657 460 2708 Enrr.
929 2661 1016 2712 Attica
1035 2661 1063 2710 in
1080 2658 1244 2712 Thessaliam
1262 2677 1347 2730 usque
1365 2675 1432 2727 prae·

422 2735 481 2787 232.
500 2735 554 2788 Ille
565 2747 663 2789 metum
675 2737 793 2791 condens.
807 2736 887 2791 Eteo-
931 2752 1006 2791 tensa
1022 2740 1049 2790 in
1065 2737 1208 2794 rsoniltia
1224 2757 1367 2810 passuum,
1382 2739 1433 2789 cir·

385 2813 439 2868 cles
454 2828 552 2867 metum
566 2815 742 2869 dissimulans.
761 2819 837 2869 Luca.
852 2846 888 2857 -
931 2819 1004 2870 cuitu
1013 2812 1076 2868 v'ero
1086 2829 1203 2868 trecenta
1213 2819 1348 2886 sexaginta
1358 2817 1434 2888 quin·

384 2893 484 2947 Audire
491 2898 616 2969 exposcit,
626 2908 651 2948 et
658 2896 886 2950 oditNarrantem.
933 2915 999 2967 que,
1010 2897 1084 2967 aquis
1094 2893 1187 2947 calidis
1198 2913 1254 2968 qum
1265 2893 1380 2967 Ellopia
1389 2912 1433 2944 vo-

386 2974 504 3042 Scilieet,
515 2989 544 3028 ut
554 2975 626 3050 apud
636 2977 762 3030 Senecam
771 2978 798 3028 in
811 2976 889 3030 0Βῶ-
933 2987 1026 3027 cantur
1037 2974 1149 3026 nobilis:
1164 2977 1254 3027 notior
1266 2987 1353 3026 tamen
1366 2991 1435 3024 mar-

386 3072 438 3126 po‚
453 3065 504 3104 act.
522 3056 559 3122 11,
573 3073 610 3108 sc.
630 3071 653 3121 1,
668 3055 684 3108 3
698 3067 725 3107 et
743 3073 799 3126 seq.
815 3053 889 3106 «Ubi
932 3073 1007 3106 more
1028 3054 1149 3105 Caristia.
1168 3055 1229 3106 flac
1250 3053 1349 3106 Plinius
1368 3054 1435 3104 Hist.

387 3127 608 3184 laetadurismista
616 3135 644 3186 in
653 3132 777 3204 ambiguo
784 3137 887 3204 jacent,
933 3135 993 3185 Nat.
1004 3134 1048 3197 IV,
1058 3151 1118 3204 cap.
1131 3131 1360 3186 st.-Plrocidos.
1369 3128 1436 3180 Vide

387 3210 505 3264 lacertus
523 3212 639 3275 animus,
659 3214 725 3264 scire
744 3231 825 3284 quum
841 3230 890 3263 cu·
933 3211 1018 3264 Theb.
1030 3215 1055 3280 1,
1065 3211 1113 3278 64,
1124 3226 1148 3263 et
1158 3213 1196 3277 11,
1205 3211 1240 3278 64
1250 3223 1277 3263 et
1286 3210 1323 3262 ibi
1332 3221 1436 3269 notatu

388 3291 461 3362 piat,
475 3292 558 3345 timet.
569 3316 581 3340 ι
934 3304 997 3342 tom.
1014 3289 1125 3361 praeced.
1140 3309 1202 3362 pag.
1218 3306 1249 3359 19
1262 3307 1318 3361 seq.
1333 3301 1361 3340 et
1374 3305 1436 3359 pag.

425 3369 485 3422 233.
500 3371 890 3438 Hincdietissociosstr'mulare,
939 3369 988 3435 164
1000 3382 1026 3422 et
1039 3369 1096 3421 ros.
1116 3371 1163 3420 Eo.

389 3467 506 3522 suosque.
526 3451 592 3503 Dan.
613 3452 701 3503 Petav.
722 3451 845 3503 nonnulli
865 3463 892 3504 et
972 3449 1032 3518 ²37·
1054 3449 1164 3501 Tessera.
1183 3446 1317 3499 Bellonam
1335 3447 1439 3517 signnm

390 3527 451 3580 edd.
467 3541 529 3580 vett.
543 3530 623 3582 socios
639 3529 727 3591 dictis,-
744 3529 849 3582 Behott.
867 3546 891 3596 t,
936 3541 984 3588 est.
999 3530 1034 3580 Ut
1051 3525 1233 3599 -lrospiratem
1246 3541 1368 3579 tesseram
1378 3549 1390 3572 ι
1402 3525 1440 3577 di·

391 3624 422 3674 2,
436 3606 552 3661 Gronov.
569 3608 657 3660 Barth.
672 3623 697 3660 et
711 3606 806 3679 Delph.
819 3608 893 3662 dictis
937 3609 1144 3659 cimus.Vsteres
1155 3607 1238 3671 euim,
1249 3607 1440 3677 quoniamnon

391 3687 479 3741 socios.
492 3716 527 3726 -
540 3690 605 3758 urg.
616 3689 653 3754 B,
666 3687 719 3742 Hie
729 3688 808 3742 socios
819 3687 893 3740 dictis
936 3697 1060 3756 poterant
1075 3703 1165 3738 omnes
1179 3684 1298 3757 hospites
1315 3702 1377 3738 suos
1390 3701 1441 3734 no-

390 3763 541 3827 stimulare.
552 3784 659 3838 suosque
674 3765 766 3829 habet3
779 3769 842 3838 Reg.
857 3766 892 3832 C,
938 3782 1025 3828 scere,
1037 3778 1160 3817 tesseram
1172 3764 1223 3816 illis
1235 3764 1348 3828 dabant,
1360 3781 1441 3834 qnam

391 3843 464 3896 Hinc
474 3843 553 3896 socios
564 3844 648 3910 dictis,
661 3857 711 3896 etc.
729 3847 776 3898 Eo.
937 3843 975 3897 illi
986 3843 1019 3896 ad
1031 3844 1145 3916 hospitia
1157 3847 1251 3897 reversi
1263 3841 1441 3896 ostendebant

431 3922 491 3989 234.
509 3923 599 3975 Metiri
609 3923 723 3978 decernit
732 3942 800 3996 opes.
809 3925 891 3996 Lang.
937 3925 1080 3994 praeposito
1095 3922 1210 3994 hospiti:
1225 3921 1296 3976 undo
1312 3919 1442 3990 intellige-
1473 3937 1477 3958 ¹

393 3997 486 4053 Behot.
500 4001 612 4066 1‚Laar.
625 4000 708 4053 Plant.
723 4004 816 4054 Pastas.
830 4001 893 4053 Lin-
938 4003 1004 4057 hant
1016 4002 1133 4075 hospites
1147 4026 1153 4056 ι
1171 4004 1215 4057 hic
1230 4017 1319 4057 tamen
1333 4003 1442 4073 proprie

395 4077 524 4151 (lenhrog.
536 4091 563 4133 et
574 4079 693 4152 plerique
702 4080 813 4133 decrevit
821 4099 894 4151 open·
939 4097 1056 4137 tesseram
1068 4087 1171 4154 signum
1181 4082 1244 4137 belli
1256 4083 1345 4154 posuit
1358 4102 1364 4132 ε
1378 4079 1442 4133 Gal·

395 4158 488 4213 Behot.
509 4177 542 4228 a,
562 4162 656 4232 optimi
675 4161 754 4215 codd.
777 4161 896 4229 Barthii,
939 4162 1003 4230 lice,
1014 4161 1039 4214 le
1047 4175 1103 4215 mot
1111 4165 1145 4214 du
1153 4161 1332 4236 quet-Vid.
1342 4160 1443 4211 Excur-

395 4240 501 4292 Veuett.
518 4241 549 4306 3,
564 4240 598 4308 4,
615 4240 758 4294 Amstelod.
777 4243 894 4295 Gronov.
940 4258 998 4292 sum
1017 4237 1049 4292 ad
1064 4238 1130 4293 calc.
1147 4240 1202 4317 huj.
1218 4239 1262 4293 lib.
1283 4239 1330 4290 En.
