3194 5156
616 533 759 596 LIBER
786 531 811 594 Ι.
1165 528 1229 597 525

273 661 431 726 Protinus
442 657 638 751 aggreditur
650 681 780 750 regem:
794 671 897 752 atque
908 655 971 732 ihi,
984 655 1126 725 testibus
1138 659 1221 737 aris,

233 775 354 838 «Hanc
365 769 440 850 tibi,
452 771 514 850 ait,
527 770 634 836 nostri
647 791 860 861 germanam,
874 783 998 848 rector,
1010 765 1148 844 Achillis
1180 779 1234 832 350

230 887 366 968 (Nonne
378 879 487 960 vides,
502 896 541 947 ut
553 898 645 947 torva
659 903 780 971 genas,
795 877 1029 973 aequandaque
1042 877 1172 965 fratrili

229 991 427 1059 Tradimus:
441 1015 535 1057 arma
548 989 700 1058 humeris
711 1011 897 1083 arcumque
909 989 1060 1055 animosa
1070 987 1207 1080 petebat

229 1107 346 1183 Ferre,
361 1117 395 1168 et
406 1103 589 1168 Amazonio
601 1099 772 1180 connubia
783 1097 911 1190 pellere
924 1100 1003 1165 ritu.

230 1210 292 1279 Sed
304 1209 387 1277 mihi
403 1233 561 1276 curarum
573 1210 655 1276 satis
669 1223 720 1275 est
730 1231 793 1300 pro
809 1189 914 1300 stir'pe
925 1205 1024 1274 virili.

231 1327 310 1391 Haec
322 1321 470 1390 calathos
485 1337 517 1388 et
527 1344 622 1388 sacra
636 1320 740 1388 ferat:
755 1335 793 1387 tu
806 1319 923 1410 frange
934 1317 1083 1410 regendo
1181 1331 1235 1384 355

231 1431 429 1513 Indocilem‚
446 1454 633 1524 sexumque
645 1445 739 1512 tene,
754 1427 837 1496 dum
851 1427 976 1496 nubilis
990 1445 1085 1510 aetas,

230 1540 484 1636 solvendusque
499 1541 628 1636 pudor:
644 1565 729 1609 nere
741 1564 897 1608 exercere
910 1556 1086 1633 protervas

229 1653 441 1749 Gymnadas‚
457 1669 516 1720 aut
528 1652 643 1720 lustris
658 1675 836 1718 nemorum
853 1650 999 1718 concede
1010 1653 1135 1742 vagari.

231 1771 327 1834 Intus
342 1765 410 1845 ale,
425 1783 458 1833 et
472 1765 599 1834 similes
613 1768 702 1832 inter
716 1763 852 1832 seclude
866 1760 1008 1857 puellas.

230 1881 344 1946 Litore
356 1880 543 1972 praecipuc‚
556 1893 726 1973 portuque
741 1897 855 1944 arcere
868 1891 1050 1944 memento.
1181 1889 1235 1941 360

220 2085 280 2156 349.
302 2083 417 2138 Testibus
428 2085 487 2138 oris.
500 2087 536 2139 Ut
548 2086 634 2156 major
647 2085 688 2137 fo·
733 2099 788 2148 tur;
800 2083 879 2138 facile
893 2085 964 2136 enim
978 2083 1029 2134 nisi
1049 2079 1235 2149 custodiatur,

185 2177 226 2216 ret
240 2163 353 2235 depositi
368 2165 470 2234 religio.
731 2163 888 2216 labefactari
906 2163 1053 2214 consuerit.
1079 2164 1235 2216 Mereatur.

221 2244 282 2296 351.
301 2245 397 2296 Nonne
411 2245 486 2297 vides.
501 2245 561 2316 Ipse
575 2243 642 2296 vides
657 2262 689 2296 ex
768 2242 829 2296 356.
845 2239 1006 2304 Indocilem‚
1018 2257 1157 2315 sexumque
1168 2252 1234 2292 tene.

185 2321 265 2374 codd.
280 2323 352 2374 molit
365 2323 494 2375 barthius.
505 2353 542 2364 -
552 2324 636 2375 Torva
643 2341 688 2394 qe·
732 2326 791 2376 Put.
804 2341 917 2394 sexuque
929 2333 995 2372 tene.
1008 2350 1044 2360 -·-
1054 2322 1135 2392 Ilegg.
1146 2323 1166 2372 ll
1178 2335 1204 2374 et
1215 2321 1236 2374 C

186 2421 240 2454 uas.
255 2403 284 2453 ln
303 2422 349 2456 ore
367 2404 436 2454 enirn
457 2403 558 2474 aliquid
576 2404 643 2454 torvi
663 2415 689 2455 et
733 2403 835 2456 babent
847 2403 916 2454 huno
931 2401 991 2452 lect.
1011 2403 1057 2452 En.

184 2481 267 2533 virilis
282 2484 426 2534 retinuerat
439 2481 563 2535 Achilles.
575 2512 612 2521 -
622 2481 689 2534 Fra·
769 2484 831 2536 358.
842 2481 1006 2553 Gymuudos,
1016 2490 1062 2532 aut
1071 2480 1164 2533 lustris.
1172 2482 1235 2533 Eae.

186 2562 227 2613 tri.
247 2562 348 2612 Nititur
365 2562 480 2632 probare
497 2581 615 2614 sororem
630 2578 688 2614 esse
733 2563 811 2631 Burg.
831 2561 903 2614 barad
921 2560 1014 2613 bustris.
1026 2589 1063 2600 -
1076 2560 1235 2630 Gymnodos.

185 2639 294 2691 Achillis
309 2659 323 2690 a
339 2641 438 2692 viribus
453 2645 583 2715 corporis.
732 2641 799 2694 Ludi
810 2655 871 2694 sunt
883 2640 1023 2711 palaestrici
1034 2637 1178 2710 gymnadas
1191 2640 1236 2710 qui

220 2717 281 2771 352.
307 2720 390 2771 Arma
414 2721 525 2773 humeris
547 2739 689 2795 arcumque
733 2716 1238 2793 etgymnioivocantuninquibusnu·

185 2800 311 2851 animoso.
328 2801 420 2852 Astute
436 2801 492 2853 brec
510 2803 638 2874 proponit
655 2820 688 2853 ne
733 2800 875 2852 dabantur.
894 2801 948 2850 llos
967 2800 1069 2870 primus
1088 2798 1194 2868 Lycaon
1209 2799 1237 2850 in

186 2881 207 2931 si
218 2880 285 2930 forte
296 2880 359 2951 quid
373 2881 426 2932 tale
439 2896 563 2952 peragat,
577 2885 617 2934 vir
631 2901 689 2934 esse
733 2879 847 2932 Arcadio
864 2880 1029 2948 excogitavit.
1049 2878 1152 2928 Auctor
1168 2876 1234 2929 Pliu.

186 2971 304 3028 putetur.
321 2959 570 3011 Berraum—Vide
582 2979 608 3030 p.
623 2963 688 3029 599,
732 2953 1238 3026 pvpresGraeceludrtsest,7vprriset
1309 3011 1314 3016 ,

185 3052 250 3090 ιοιιι.
264 3042 274 3090 Ι
287 3039 351 3090 Stat.
365 3053 433 3092 nost.
452 3042 499 3093 En.
733 3039 895 3091 exercitatio:
908 3034 1037 3104 φυμιίξιι,
1048 3035 1124 3102 ludo,
1134 3052 1160 3088 et
1169 3055 1239 3089 exer·

221 3121 282 3173 353.
302 3122 449 3174 Amazonio
466 3123 525 3173 ritis.
543 3123 688 3174 Amazones
733 3140 791 3183 ceo,
801 3115 1081 3188 yvprdcomfflmtna
1091 3133 1149 3188 quoe
1159 3114 1237 3169 ludit.

186 3200 270 3264 eninr,
284 3214 314 3251 ut
331 3219 422 3252 omnes
438 3203 539 3267 sciunt,
552 3219 624 3252 arma
638 3212 689 3252 tra·
734 3200 782 3250 llic
793 3217 843 3269 pro
854 3195 922 3248 ludis
933 3197 1039 3268 posuit,
1049 3213 1080 3247 ac
1092 3196 1113 3248 si
1123 3195 1237 3263 diceret,

186 3279 313 3346 ctobant,
335 3300 385 3332 nec
406 3280 550 3331 ritrbebant.
568 3277 636 3331 Vide
655 3277 689 3329 de
734 3277 819 3329 nolito
846 3275 1013 3339 concedere,
1038 3287 1068 3325 ut
1091 3275 1239 3345 gymnadas

185 3358 518 3432 Arnaaonibustlustinum
534 3357 579 3409 lib.
607 3358 643 3423 ll,
663 3357 688 3424 4.
735 3369 871 3422 exercent,
892 3353 933 3407 vel
952 3353 1097 3426 gymnadas
1111 3355 1238 3407 imitetur.

186 3436 350 3489 Herodotum
364 3435 409 3489 lib.
427 3438 469 3487 lV.
479 3437 528 3488 Eas
540 3451 628 3488 tomen
641 3455 690 3487 un·
734 3439 796 3490 Non
807 3436 863 3487 vult
872 3434 950 3487 ludos
962 3437 1090 3500 exerceri,
1103 3436 1130 3486 in
1142 3435 1238 3506 quibus

187 3520 354 3590 quamluisse
370 3531 466 3591 negant
481 3517 577 3570 Strabo
590 3516 635 3569 lib.
644 3518 688 3570 Xl.
735 3514 834 3569 Achilli
846 3533 953 3566 necesse
965 3516 999 3566 sit
1011 3514 1115 3566 nudari.
1128 3516 1239 3586 Sparta-

222 3597 283 3664 354.
302 3599 329 3650 S.
347 3617 382 3648 m.
395 3615 418 3648 c.
435 3615 454 3648 s.
468 3616 489 3647 e.
502 3614 549 3668 pro
561 3598 638 3668 stirpe
650 3596 690 3648 vi·
735 3599 775 3647 nis
788 3615 846 3648 mos
859 3595 923 3658 fuir,
935 3607 966 3645 ut
978 3593 1054 3646 nudae
1067 3595 1160 3666 puelle
1171 3597 1241 3648 inter

187 3675 239 3728 rili.
252 3679 313 3730 Exc.
327 3681 404 3747 Rurg.
415 3695 463 3748 pro
474 3687 550 3748 parte
562 3673 640 3728 uirili.
735 3675 865 3728 luctantes
878 3677 947 3728 viros
957 3689 1152 3741 exercerentur,
1165 3675 1239 3747 quod

223 3757 284 3809 355.
303 3757 389 3809 Sarra,
402 3759 436 3808 Ut
449 3755 562 3808 Palladis
574 3775 631 3828 qtun
645 3774 690 3808 cn·
735 3754 826 3807 scribit
837 3755 989 3824 Propertius
1002 3751 1046 3804 lib.
1055 3755 1099 3818 ΙΙΙ,
1109 3752 1181 3824 Eleg.
1197 3754 1238 3820 14,

187 3835 326 3906 nephorin,
336 3835 550 3906 velcistophoria
559 3834 691 3887 vocaban·
739 3833 842 3886 «Multa
853 3848 916 3899 ture,
925 3833 1033 3904 Sparte,
1048 3833 1240 3904 miremurjura

189 3928 241 3979 tur,
254 3917 379 3986 quoniam
392 3935 422 3968 ea
438 3917 511 3968 cistis
525 3915 629 3967 inclusa
642 3935 691 3966 no·
736 3913 877 3986 palaestrae,
898 3911 949 3966 Sed
970 3930 1045 3982 mage
1065 3913 1182 3982 Virginei
1200 3925 1240 3964 tot

188 3991 254 4045 biles
267 3995 379 4063 virgines
394 4009 468 4049 certo
487 3997 550 4048 anni
570 4008 689 4065 tempore
733 3993 805 4046 bona
816 3989 1051 4066 gymnasii3Quod
1063 4009 1116 4042 non
1128 3991 1241 4044 infames

188 4074 216 4124 in
238 4091 325 4126 arcem
348 4076 489 4142 ferebant,
513 4073 585 4150 quod
611 4072 689 4126 Ouid.
735 4087 957 4145 exercetcorpore
976 4069 1053 4124 ludos
1061 4072 1132 4124 luter
1140 4069 1241 4123 luotan·
1349 4105 1353 4111 .

189 4151 289 4206 scribit.
309 4183 345 4196 -
360 4155 469 4228 Frange.
491 4155 592 4220 Vince,
611 4151 691 4205 doma
736 4167 775 4205 tes
789 4151 861 4205 nuda
876 4149 966 4224 puella
982 4154 1080 4204 viros.-

190 4249 280 4283 sexum
298 4231 466 4301 muliebrem,
485 4253 518 4284 ne
534 4251 692 4304 corrumpa—
774 4233 834 4284 360.
855 4231 885 4281 L.
897 4249 925 4303 p.
941 4242 1071 4302 portuque
1086 4247 1171 4284 arcere
1184 4247 1241 4282 me·
