3194 5156
564 572 705 638 ursan
730 577 755 640 1.
1117 589 1181 680 549

182 696 225 758 Et
236 707 375 760 tenuare
389 693 490 764 rudes
504 700 616 766 attrito
628 700 749 792 pollice
764 702 857 774 lanas

182 805 412 885 Demonstrat,
427 805 599 902 reficitque
613 809 720 894 colos,
735 831 768 881 et
780 817 910 908 perdita
927 817 1011 900 dura

182 916 288 980 Pensa
302 937 421 996 manu,
437 919 595 1013 vocisque
611 944 750 1005 sonaim,
766 926 968 1025 pondusque
983 937 1144 1019 tenentis,

182 1023 348 1120 Quodque
360 1026 445 1119 fugit
457 1033 611 1114 comites,
627 1035 732 1102 nimio
744 1036 835 1131 quod
850 1035 977 1112 lumine
991 1069 1064 1115 sese

182 1134 290 1225 Figat,
304 1152 337 1203 et
348 1138 383 1202 in
399 1137 507 1206 verbis
519 1141 773 1235 intempestivus
787 1148 937 1237 anhelet,
1129 1171 1179 1226 585

182 1248 339 1315 Miratur:
351 1247 571 1348 jamjamque
583 1254 678 1326 dolos
691 1263 822 1351 aperire
834 1283 1009 1356 parantem

181 1359 337 1450 Virginea
350 1357 483 1432 levitate
497 1364 597 1458 fugit,
613 1367 837 1466 prohibetque
848 1376 953 1444 fateri.

181 1468 233 1535 Sic
244 1467 308 1535 suh
321 1487 425 1538 matre
437 1473 531 1542 Rhea
541 1473 675 1568 juvenis
687 1500 844 1573 regnator
858 1485 994 1582 Olympi

180 1577 302 1646 Oscula
316 1603 443 1650 securae
457 1581 558 1653 dabat
572 1587 731 1658 insidiosa
746 1596 852 1661 sorori

180 1692 295 1756 Frater
307 1683 432 1774 adhuc,
449 1694 550 1763 medii
564 1696 671 1768 donec
685 1707 872 1771 reverentia
887 1710 987 1775 cessit
1128 1724 1180 1794 590

179 1799 370 1891 Sanguinis,
387 1819 420 1869 et
430 1829 526 1873 veros
542 1799 700 1899 germana
713 1817 848 1908 expavit
859 1839 1004 1886 amores.

179 1909 332 1978 Tandem
344 1913 466 1983 detecti
477 1918 602 1998 timidae
615 1925 774 1992 Nereidos
788 1944 894 1995 astus.

226 2023 338 2090 Lucus
350 2028 515 2118 Agenorei
529 2031 680 2103 sublimis
694 2035 737 2103 ad
750 2040 843 2129 orgia
856 2039 980 2107 Bacchi¹

134 2203 240 2260 Validos
248 2209 371 2280 proferre:
388 2212 418 2265 ld
431 2228 472 2268 est
484 2231 557 2271 artus
565 2238 632 2290 prae·
677 2243 758 2296 quum
769 2225 855 2278 adhue
863 2227 989 2300 luppiter
998 2241 1024 2280 et
1033 2228 1104 2280 Juuo
1113 2229 1179 2282 edu-

131 2284 246 2356 validos,
268 2295 480 2363 praepositionem
502 2301 570 2350 enim
586 2297 632 2352 de-
676 2317 799 2356 careutur
811 2304 861 2357 snb
873 2307 962 2357 matris
974 2309 1094 2376 imperio.

131 2377 240 2418 tractam
250 2371 631 2432 nominladdiditverbo.Bsr·r.
712 2382 771 2452 589.
790 2384 898 2436 secure.
914 2383 985 2436 Nihil
1000 2384 1052 2436 tale
1069 2387 1178 2440 asistre

167 2445 226 2500 582.
243 2451 276 2501 D.
295 2472 332 2524 rq.
354 2471 375 2503 e.
398 2465 424 2505 et
433 2457 535 2526 perdita
557 2458 630 2511 dura.
675 2463 785 2514 timenti.
798 2492 834 2502 -
846 2463 942 2516 Soron.
955 2465 1064 2516 Junoni.

129 2525 193 2595 aeg.
215 2530 235 2579 B
254 2527 349 2595 habet,
372 2543 398 2583 et
416 2532 517 2607 perfide
539 2537 630 2600 durau
712 2541 771 2611 590.
791 2543 879 2594 Frater
892 2542 986 2595 adhuc.
999 2543 1178 2597 Tantuml'ra·

130 2607 194 2674 neg.
207 2607 358 2662 Cnostraru
373 2609 430 2663 lem.
448 2616 495 2666 Eo.
675 2632 724 2687 ter,
738 2635 764 2672 et
776 2619 893 2672 nondum
908 2624 1014 2691 conjux.

166 2683 226 2736 583.
250 2687 359 2742 Senum.
382 2691 461 2759 Quod
484 2695 549 2760 riri,
574 2713 629 2749 non
711 2697 770 2769 591.
790 2699 910 2754 Etveros
928 2699 1045 2772 (versos).
1065 2703 1177 2753 Bernar-

128 2763 247 2816 muliesis
261 2781 329 2819 esset
343 2787 404 2821 vox.
414 2801 450 2810 -
459 2773 573 2827 Pondus.
584 2777 630 2827 Vi·
675 2778 726 2829 tius
742 2777 805 2848 legit
822 2797 892 2832 veros
908 2797 939 2831 ex
955 2792 1058 2832 vetusto
1072 2779 1175 2833 codice.

128 2861 184 2905 res;
198 2861 259 2894 nam
272 2846 418 2913 interdum,
431 2849 494 2902 dnm
512 2852 628 2906 Achilles
674 2853 767 2908 Similis
788 2857 842 2908 iere
861 2857 936 2908 locus
957 2857 1030 2928 apud
1050 2860 1178 2910 Nostrum

128 2941 186 2974 eam
201 2924 339 2995 stringeret
353 2926 542 3000 amplexando,
559 2932 629 2984 vide·
675 2933 758 2984 Theb.
771 2933 812 2998 X,
825 2953 847 2986 v.
864 2936 894 2988 61
911 2949 936 2988 et
952 2955 1010 3007 sqq.
1028 2939 1109 3005 «lpsa
1123 2935 1176 2987 illic

130 3001 211 3057 batur
222 3007 317 3058 sentire
332 3008 401 3060 vires
413 3028 466 3061 non
478 3010 628 3065 muliebres.
674 3011 763 3080 magni
780 3011 895 3064 thalamo
915 3013 1048 3084 desponsa
1066 3015 1176 3065 Tonan-

164 3082 224 3149 584.
237 3084 362 3157 Quodque
367 3084 442 3159 fisqr't
448 3089 560 3141 comites.
569 3090 630 3141 Om·
674 3089 721 3154 tis,
732 3091 829 3160 Expers
837 3089 978 3156 connubii,
989 3105 1015 3142 et
1026 3091 1116 3142 timide
1127 3110 1176 3163 po·

127 3161 629 3221 nisbaccertaindiaiaarnoris.-Sese
674 3167 753 3217 situm
776 3186 910 3233 sororem,
932 3170 1042 3221 Lumine
1061 3167 1175 3222 demisso

126 3240 209 3312 frpat.
230 3239 394 3293 Deidamiam
412 3245 522 3295 nimium
543 3247 628 3317 respi·
673 3248 752 3315 pueri
768 3247 840 3299 Jovis
856 3249 948 3300 oscula
961 3247 1026 3300 libat
1045 3248 1176 3320 Simplex,

126 3318 231 3371 ciendo.
673 3335 699 3376 et
713 3326 832 3378 nondam
845 3326 922 3379 furtis
936 3329 1040 3380 oflensa
1055 3330 1150 3380 mariti.
1162 3353 1173 3376 ι

150 3397 222 3451 ¹585.
231 3399 438 3470 Intempestivus.
447 3401 527 3468 Quod
540 3399 626 3452 medio
709 3405 769 3476 592.
788 3407 920 3460 Nereidos.
942 3406 1070 3460 Thetidos
1096 3409 1174 3460 Nerei

126 3494 248 3529 sermone
260 3479 417 3548 suspiraret,
430 3478 503 3548 quod
514 3497 545 3531 ex
555 3498 627 3531 amo·
672 3482 739 3536 filie.
758 3514 794 3525 --
811 3485 929 3538 timide.
941 3487 1037 3538 Omnia
1055 3489 1174 3558 paventis

125 3573 154 3606 re
166 3569 236 3622 erat,
247 3554 304 3607 bac
316 3559 404 3608 omnis
419 3560 536 3609 miratur.
556 3560 626 3610 Mer.
671 3562 783 3615 tandem*
794 3567 887 3616 matris
907 3584 959 3617 suae
979 3563 1054 3617 dolos
1076 3566 1174 3618 revelat

162 3633 222 3694 586.
243 3636 369 3688 Mirabar:
379 3638 541 3710 jamjamque
554 3635 627 3689 dolos
671 3642 815 3694 Deidamia
827 3643 951 3696 Achilles.

125 3714 225 3784 operire
245 3726 392 3786 parantem.
418 3717 481 3785 Reg.
498 3717 517 3766 B
533 3714 625 3783 habet,
707 3721 767 3791 593.
788 3723 872 3776 Luem
887 3725 1026 3798 Apenorei.
1045 3722 1175 3775 Describit

116 3793 361 3865 jamjamquedolos
373 3796 472 3866 aperire
479 3805 624 3867 parentem.
670 3799 758 3851 locum
780 3803 807 3851 in
830 3820 883 3872 quo
905 3805 1018 3874 primum
1037 3800 1175 3876 Deidamia

123 3872 187 3940 Beg.
202 3873 223 3923 C
235 3887 358 3924 nostram.
372 3872 431 3924 lect.
443 3875 533 3925 En.-
546 3873 627 3926 Delos
672 3895 793 3954 stuprum
809 3896 848 3934 est
866 3903 954 3956 passa.
968 3914 1004 3924 —
1018 3884 1107 3956 Orqia.
1127 3883 1175 3934 Sa-

123 3950 222 4018 aperire
230 3963 365 4021 parantem
381 3948 529 4021 (volentem
539 3951 558 4024 ).
572 3955 627 4005 Vo-
672 3961 787 4027 crificia,
802 3963 875 4032 orgia
889 3963 994 4024 Grece,
1005 3963 1097 4014 Latine
1110 3963 1175 4013 ceri-

123 4025 222 4080 lentem
236 4047 264 4081 se
278 4029 410 4101 detegere.
671 4042 766 4092 monite
781 4039 917 4096 dicumm.
927 4074 962 4085 -
973 4042 1102 4117 Apenooei
1113 4043 1176 4094 Bac·

159 4105 221 4176 587.
233 4107 405 4182 Prohibetque
411 4110 503 4182 fateri.
513 4111 627 4182 Fugien-
672 4120 722 4172 eli.
736 4121 806 4188 Quia
820 4123 939 4175 Bacchus
953 4121 1079 4174 trahebat
1093 4121 1174 4192 origi-

123 4183 159 4236 do
185 4185 254 4237 enim
283 4185 349 4238 nibil
380 4188 432 4240 loci
461 4188 627 4262 relinquebat
671 4221 732 4254 „em
752 4202 785 4255 ab
800 4205 921 4274 Agenore
935 4222 997 4273 regg
1014 4203 1091 4275 'sym
1111 4221 1172 4253 nam

123 4261 220 4315 Achilli
234 4262 267 4316 ad
281 4281 309 4317 ’θ
323 4263 507 4338 ἀθῑθῧθῦἆΰῦὶ·
672 4279 791 4346 Semele,
812 4295 896 4333 mater
914 4281 1026 4348 Bacchi,
1044 4280 1097 4332 lilia
1117 4294 1174 4334 erat

162 4343 221 4397 583·
245 4345 299 4397 Sul>
319 4358 402 4400 malfe
421 4347 500 4400 Rhea·
523 4346 554 4400 ld
573 4360 629 4416 0¹¹,
673 4358 785 4425 Cadmi,
806 4361 926 4432 quierat
945 4361 1015 4414 lilius
1034 4360 1171 4430 Agenoris.
