3230 5168
722 1077 1113 1157 ARGUMENTUM

582 1296 880 1361 CARMINIBUS
904 1295 1250 1360 uuscR1PTUM.·

496 1509 583 1569 Tunc
594 1511 729 1590 graviter
740 1531 865 1592 superos
879 1507 1023 1592 objurget
1035 1523 1134 1568 rector
1147 1509 1273 1584 Averni,

496 1605 663 1686 Ipsumque
675 1603 897 1687 Amphiaraum
909 1618 1016 1666 terret:
1029 1605 1079 1664 cui
1093 1625 1190 1688 pauca
1200 1604 1332 1681 furenti,

497 1703 568 1760 Jam
580 1703 664 1762 tenui
676 1723 764 1778 voce,
776 1717 806 1762 et
817 1702 960 1785 pavidus,
974 1703 1161 1785 supplexque
1174 1701 1316 1784 profatur

498 1801 647 1883 Conjugis
659 1803 797 1864 infandae
809 1803 976 1878 indicium,
989 1804 1183 1884 subitamque
1195 1805 1328 1864 ruinam.

497 1899 605 1957 Amissi
617 1897 778 1960 Inachides
789 1899 865 1960 vatis
874 1899 966 1960 dolor
977 1903 1085 1960 anxius
1099 1901 1192 1981 angit.
1423 1907 1438 1960 5

497 1995 615 2054 Sidonii
628 1996 794 2071 exsultant,
807 2009 1042 2076 memoremque
1055 1998 1186 2078 insignia
1199 1998 1312 2078 gentis,

497 2090 536 2158 As
547 2091 676 2150 Graium
690 2112 830 2172 proceres
842 2091 990 2167 similem,
1004 2092 1124 2172 pietatis
1136 2089 1270 2166 honore,

496 2183 728 2246 Theodamanta
741 2187 865 2267 legunt,
880 2189 958 2247 votis
969 2189 1023 2267 qui
1036 2209 1166 2248 munera
1177 2201 1282 2248 servet.

498 2284 558 2342 Hie
570 2283 716 2344 Thebana
727 2283 879 2367 phalanx,
892 2285 956 2344 illic
970 2287 1034 2345 ruit
1045 2283 1159 2346 Inacha
1171 2285 1275 2368 pubes.

498 2378 636 2438 Vulnera
647 2381 826 2440 vulneribus
838 2382 1015 2462 geminant,
1027 2381 1225 2462 funduntque
1237 2379 1366 2440 vicissim
1410 2405 1441 2442 ιο

499 2479 636 2560 Corpore
650 2501 762 2562 magna
776 2482 876 2540 virum
889 2505 895 2540 :
906 2495 980 2540 tunc
991 2481 1089 2540 multa
1102 2483 1135 2540 in
1148 2481 1229 2542 eaede
1240 2479 1392 2540 furentem

499 2574 602 2656 Tydea
615 2573 765 2656 dejectum
777 2576 843 2636 telis
855 2579 995 2636 Tritonia
1008 2577 1099 2636 flevit.

436 2782 447 2804 ‘
463 2783 655 2855 Argumentum
668 2784 747 2856 hujus
760 2785 820 2836 libri
834 2805 900 2856 pru·
944 2785 1084 2837 Inachidos
1096 2784 1161 2838 vetis
1171 2781 1247 2836 dolor
1256 2785 1348 2835 anexius
1358 2782 1441 2857 anqit.

401 2861 465 2914 bent
476 2864 598 2915 nonnulii
609 2863 687 2917 codd.
701 2878 727 2915 et
744 2863 804 2915 edd.
817 2865 899 2933 antiq.
945 2869 991 2917 Eo.
1006 2865 1128 2918 Inachias
1138 2883 1206 2916 unus
1219 2863 1311 2915 Behot.
1325 2872 1403 2936 anqet
1415 2864 1441 2914 in

400 2943 500 2993 -Hoo
510 2945 536 2994 in
546 2942 824 3014 Reg.Bdesiderotur;
836 2945 899 3014 Reg.
946 2941 1038 2995 eodem
1053 2943 1145 2994 Behot.

401 3021 422 3072 C
434 3019 522 3073 habet.
542 3025 587 3074 Eo.
981 3040 1005 3091 7.
1027 3023 1135 3074 Graium
1145 3039 1261 3094 proceres
1270 3017 1391 3072 similem.
1401 3020 1443 3072 Si·

438 3117 462 3152 π.
480 3103 527 3152 Cui
533 3103 732 3174 paucafirrenti.
743 3103 901 3156 Membrone
946 3100 1009 3152 mile
1020 3103 1046 3152 in
1060 3100 1153 3152 eodem
1165 3099 1257 3168 Behot.

402 3176 512 3230 clm-ius:
527 3182 572 3250 qui
582 3199 675 3249 pauca.
982 3181 1007 3231 8.
1024 3180 1219 3231 Theodamantis
1229 3179 1247 3230 i.
1262 3198 1285 3230 v.
1297 3197 1322 3248 q.
1336 3195 1442 3229 munero

439 3257 463 3308 3.
482 3257 900 3330 Supplexqueprofatur.Beirott.
946 3268 1033 3310 servet.
1060 3258 1264 3310 Tireiodamonta
1292 3256 1382 3308 Behot.
1414 3273 1442 3321 ι,

407 3350 429 3402 t,
443 3351 456 3386 2
467 3373 475 3400 ,
487 3335 646 3407 supplexque
659 3337 774 3388 revolvit.
949 3337 1146 3390 Theodomanta
1167 3335 1257 3391 Behot.
1282 3353 1313 3402 2,
1335 3335 1441 3387 :Mem-

438 3414 464 3468 5.
483 3416 584 3468 Anxius
596 3417 734 3469 Inachidas
750 3419 814 3469 vatis
827 3416 904 3470 dolor
946 3419 1035 3472 branoe
1049 3419 1156 3484 melius,
1170 3419 1290 3470 munia.»
1307 3420 1400 3468 urere.

403 3496 578 3567 enqitamissi.
590 3495 633 3546 sic
642 3497 669 3548 in
679 3494 901 3567 aiiisCorrupturn
981 3515 1006 3567 9.
1026 3497 1078 3549 Hic
1097 3497 1227 3550 Thebana.
1246 3495 1348 3548 Behott.
1372 3514 1394 3564 s,
1409 3513 1441 3561 2,

405 3577 621 3647 transpositione,
637 3578 673 3628 ita
682 3579 797 3629 restitui:
808 3576 902 3630 Amissi
924 3645 928 3654 ι
946 3577 1016 3629 Hine
1031 3577 1161 3629 Thebana.
