3284 5162
612 559 754 624 LIBER
778 560 840 624 XI.
1178 561 1239 626 361

249 689 330 753 Haee
342 689 422 777 ego?
434 689 526 752 Mars
537 683 674 768 habeat,
687 684 890 781 vulgataque
899 681 1002 778 jactet
1012 688 1119 780 Enyo.

250 792 383 862 Vidistis
400 795 636 888 (Stygiiseerte
647 796 843 864 manifestus
855 798 890 864 in
901 795 1045 883 umbris)
1211 800 1245 855 85

249 909 416 998 Sanguine
428 904 589 973 foedatum
601 909 718 990 rictus,
731 925 871 1001 atroque
883 905 1073 974 madentem

248 1019 316 1083 Ora
328 1016 448 1084 ducem
461 1016 555 1084 tabo:
569 1019 730 1084 miserum
741 1017 936 1086 insatiabilis
948 1016 1018 1084 edit

249 1131 305 1194 Me
317 1127 468 1194 tradente
480 1143 597 1218 eaput:
611 1126 713 1193 modo
725 1151 848 1220 nempe
859 1126 1048 1198 horrendus
1059 1123 1102 1192 ab
1114 1126 1213 1192 astris

249 1237 428 1304 Descendit
440 1239 499 1304 vos
512 1260 620 1331 usque
632 1237 761 1329 fragor:
775 1261 849 1304 mea
862 1261 954 1306 sacra
967 1234 1139 1328 premebat

248 1350 463 1439 Tempestas,
476 1369 538 1437 ego
551 1348 654 1414 mixta
667 1345 730 1413 viri
740 1344 916 1414 furialibus
926 1348 1029 1412 armis
1083 1335 1088 1347 ⁸
1211 1369 1246 1422 9⁰

249 1452 338 1525 Bella
350 1463 474 1542 Deum,
488 1473 521 1526 et
532 1480 669 1550 magnas
681 1457 831 1525 ridebam
842 1457 992 1525 fulminis
1004 1460 1080 1524 iras.

249 1567 313 1636 Sed
321 1564 392 1660 jam
407 1566 550 1654 (effabor
562 1571 668 1654 enim)
681 1565 782 1658 longo
794 1567 916 1635 sudore
929 1568 1086 1633 fatiscunt

249 1677 373 1761 Corda,
386 1701 492 1761 soror,
506 1676 675 1771 tardaeque
688 1701 809 1744 manus
821 1703 827 1742 :
841 1676 942 1744 hebet
952 1677 1058 1744 infera
1069 1675 1151 1743 caeio

248 1791 378 1871 Taxus‚
392 1804 425 1855 et
436 1792 585 1856 insuetos
597 1811 723 1879 angues
736 1789 837 1859 nimia
850 1803 940 1855 astra
952 1802 1121 1878 soporant.

203 1974 347 2046 eqoi'Mars
355 1974 704 2052 habeat‚vu19ataquejactet
746 1969 1248 2044 Plant.Ceue.etGevart.San9uinefoe·

202 2051 288 2119 Enyo.
304 2053 430 2125 Haecque
442 2056 562 2124 superius
573 2051 650 2118 dixit,
661 2053 704 2104 ni·
746 2053 850 2105 dantem
865 2055 923 2106 Put.
937 2055 1014 2104 Laus.
1030 2049 1127 2104 Baalid.
1143 2049 1247 2103 Behott.

202 2132 312 2182 mirum:
325 2154 335 2175 ι
346 2133 403 2183 Hoc
414 2129 703 2204 quodeunquemadent
750 2149 780 2195 t,
793 2148 823 2197 a,
837 2147 929 2184 omnes
941 2129 1088 2196 Bas-thiam,
1100 2131 1204 2181 Venett.
1217 2128 1248 2194 3,

203 2210 306 2278 campi,
319 2233 330 2255 ι
344 2222 394 2262 ete.
406 2223 436 2261 nt
447 2211 545 2262 leviora
557 2210 636 2261 tribui
647 2209 703 2260 vuit
747 2211 778 2278 4,
788 2227 813 2281 es
823 2215 1109 2266 recena-Fadum.
1121 2210 1247 2284 Tydeum.

203 2289 282 2341 Marti
296 2305 321 2344 et
336 2291 462 2358 Bellone,
476 2306 501 2345 et
513 2292 562 2344 sibi
574 2291 625 2346 soli
639 2292 703 2343 assi·
784 2289 826 2359 87.
841 2291 965 2342 Miserum
979 2287 1132 2342 insatiabilis
1141 2288 1194 2340 edit
1203 2290 1249 2339 Me

203 2384 279 2438 anat,
300 2369 428 2443 quidquid
446 2372 557 2442 impium
572 2373 598 2422 in
616 2371 703 2438 Deos,
747 2367 956 2438 tradentecaput.
967 2369 1141 2420 Haecinsititia
1145 2365 1249 2436 judicat

204 2447 335 2522 quidquid
357 2463 449 2501 eontra
470 2468 554 2501 mores
572 2447 702 2500 humanos
747 2447 873 2518 Capetus,
885 2467 965 2518 qnare
974 2445 1108 2520 jungam,
1119 2447 1187 2511 tabo,
1197 2445 1249 2497 hu·

203 2529 372 2580 commissum
381 2529 480 2594 fuerat,
490 2543 519 2579 ut
529 2528 645 2578 furorem
654 2529 703 2599 Ty·
743 2529 820 2598 jusee
827 2548 916 2582 versus
924 2529 1033 2595 cumaei,
1041 2530 1129 2594 modo,
1137 2547 1249 2600 sequen·

204 2605 259 2672 dei,
276 2606 703 2679 quoespnthostiievoravit‚et
748 2611 791 2660 tis.
1326 2599 1328 2605 ,

203 2685 319 2756 Capanei
337 2687 515 2758 impietatem,
533 2705 583 2758 qua
604 2684 703 2737 bellum
783 2691 827 2743 88.
850 2690 999 2744 Horrendus
1015 2691 1047 2742 ab
1065 2690 1145 2741 astris.
1162 2688 1249 2759 Capa-

203 2766 260 2817 Diis
271 2765 447 2832 denuntiavit,
460 2769 606 2839 meruitque
616 2765 704 2816 fnlmi·
748 2787 826 2820 neum
841 2787 961 2841 quoque,
976 2767 1022 2820 sed
1036 2768 1154 2832 modice,
1169 2768 1249 2818 fuisse

204 2863 238 2896 ne
247 2845 358 2916 percuti.
371 2847 449 2916 Enyo
459 2865 535 2913 vero,
550 2844 667 2898 Bellona.
748 2869 776 2902 se
789 2850 852 2903 dicit
865 2851 1001 2902 audacem.
1016 2852 1143 2900 Lacaena.

240 2925 284 2990 84.
297 2926 433 2998 Hoeeeqo?
443 2925 501 2978 Hoc
513 2943 559 2999 eqo
568 2927 634 2976 Dan.
644 2926 703 2976 Put.
784 2929 826 2997 89.
846 2929 949 3000 Fraqor.
964 2925 1062 2998 Suppie
1076 2925 1209 2990 fulminis,
1223 2937 1250 2978 et

204 3002 281 3056 Aldd.
290 3003 374 3055 Plant.
382 3004 492 3061 etCrue.
501 3005 702 3076 HoeceqoLang.
747 3011 874 3072 tonitrus,
885 3026 938 3078 quo
950 3025 1089 3078 percussus
1100 3006 1248 3076 Capaneus.

203 3083 281 3134 Laut.
292 3081 388 3134 aniid.
400 3081 502 3134 Behott.
517 3100 541 3149 1,
550 3099 575 3148 a,
584 3083 702 3134 Grasser.
747 3089 849 3140 ..Mea
858 3104 938 3140 saera.
949 3085 1038 3153 idest,
1049 3084 1112 3138 mihi
1123 3084 1249 3137 devotum

203 3159 702 3234 Amstel.Barth2etDelphe-Hoeeeyo.
748 3177 836 3234 caput.

203 3239 268 3307 Quae
279 3237 406 3291 haetenus
416 3241 486 3291 faeta
498 3253 561 3292 sunt
573 3237 623 3292 sibi
634 3241 704 3290 Mars
783 3258 826 3311 9⁰·
841 3242 996 3313 Tempestas,
1005 3259 1051 3315 eqo
1061 3239 1144 3293 mista
1153 3239 1251 3310 virifu-

203 3335 264 3368 eum
275 3317 381 3370 Beilona
391 3318 519 3382 vindicat,
530 3337 601 3370 nunc
611 3337 658 3389 ego
671 3317 704 3370 ad
748 3321 853 3374 riaiibus
863 3322 943 3374 annis
954 3322 1017 3390 Reg.
1031 3323 1050 3373 B
1064 3319 1159 3386 habet,
1173 3319 1250 3371 Tem·

203 3395 335 3466 singulare
345 3396 486 3468 impediam.
500 3397 626 3450 Lucium
746 3412 842 3472 pestes,
863 3419 911 3473 eqo
930 3402 1013 3453 mixtu
1033 3400 1093 3452 viris
1107 3397 1251 3470 furialibus

241 3473 283 3526 85.
305 3475 410 3528 Vidistis
420 3473 530 3548 (Styyiis
543 3488 609 3527 certe
621 3474 705 3526 mani·
747 3480 826 3532 annis
831 3501 841 3540 ‚·
850 3480 913 3550 Reg.
924 3479 957 3544 C,
968 3479 1017 3531 viri
1022 3477 1166 3550 furialibus
1174 3477 1248 3530 atesis.

197 3552 284 3623 festus
302 3555 329 3605 in
348 3554 465 3624 umbris).
487 3557 543 3605 Put.
567 3553 704 3624 manifesta
747 3558 990 3630 -Viricapanei
1230 3591 1232 3594 -

203 3631 248 3684 sut
259 3632 465 3703 unibm.-Reg.
477 3631 599 3695 Rhabet,
612 3631 706 3686 Vidisti
784 3653 827 3708 91.
839 3637 915 3690 Betta
924 3638 1019 3690 Deum.
1032 3639 1071 3688 De
1080 3635 1178 3688 Thebis
1187 3654 1250 3686 eon·

204 3713 443 3785 Styqiis‚etc.Reg.
455 3715 485 3781 C,
499 3715 602 3766 Vidistis
610 3713 707 3787 Stypiis
748 3714 921 3768 tendentium.
936 3715 1003 3768 Vide
1015 3733 1074 3786 sup.
1088 3714 1135 3766 tib.
1151 3717 1183 3781 V,
1198 3715 1249 3785 877

204 3801 270 3843 certe
281 3792 431 3864 manifestus
442 3795 470 3845 in
481 3793 705 3866 undis.-Styqiis
749 3807 775 3846 et
787 3795 847 3862 599.

204 3881 271 3922 certe
280 3871 430 3942 manifestus
441 3873 470 3923 iu
480 3870 584 3923 umbris.
595 3870 637 3926 ob
647 3872 705 3922 iuu-
784 3891 826 3943 9²·
847 3873 990 3926 Fatiseunt.
1006 3874 1155 3925 Lassentur.
1173 3871 1248 3923 Lien.

204 3949 310 4000 sitatam
324 3947 392 4000 hune
406 3952 592 4002 immanitatem
605 3948 706 4002 notabi-
784 3952 827 4020 94.
847 3953 872 4003 Τ
870 3970 942 4005 exus.
959 3952 1027 4019 Quia
1042 3951 1124 4002 suria
1142 3948 1174 4001 de
1189 3964 1249 4002 taxo

204 4027 237 4080 lis
248 4043 287 4080 est
297 4031 366 4082 inter
375 4050 467 4083 omnes
478 4033 572 4102 impias
584 4031 705 4097 umbras,
750 4030 843 4082 arbore
851 4030 976 4082 dicuntur
985 4028 1251 4082 faceshabere.-In·

204 4108 283 4159 etiam
298 4109 324 4158 in
340 4107 407 4161 locis
421 4110 575 4174 Poenarum,
590 4107 704 4180 Tydeus.
749 4121 839 4162 suetos.
850 4109 879 4162 td
889 4123 943 4176 est,
955 4109 1047 4162 lumini
1059 4129 1112 4160 non
1122 4119 1249 4160 assuetos.

247 4185 290 4236 86.
315 4185 450 4257 Sanquiae
466 4186 598 4258 foedatum
619 4189 704 4240 rictus.
747 4189 876 4242 -Hebet
890 4189 975 4261 infera
991 4189 1054 4242 eoelo
1070 4188 1162 4241 Tuitus.
1180 4185 1251 4238 Infe-

204 4265 338 4334 Sanquiae‘
349 4264 504 4336 sedantem.
524 4269 610 4318 Petav.
627 4267 703 4319 Basii.
751 4271 784 4322 ris
795 4281 857 4322 nata
869 4284 895 4322 et
907 4283 1010 4321 assueta
1022 4269 1078 4336 fax,
1087 4263 1158 4338 apud
1168 4263 1251 4335 Supe-
