3196 5158
400 503 443 570 36
634 505 675 568 P.'
697 505 731 567 Ρ.
757 503 911 569 STATll
935 506 1209 576 THEBAIDOS

441 631 680 724 Consequitur,
692 629 859 722 traxitque
871 646 982 712 notas,
996 647 1029 698 et
1041 635 1176 702 miscuit
1186 654 1305 703 annos.

441 748 484 811 Et
494 765 586 811 nunc
598 745 646 811 sic
657 742 777 810 fratres
789 745 928 810 mentito
940 749 1078 812 nomine
1089 747 1253 838 gaudent3

441 853 520 922 Plus
533 869 642 946 pater:
656 853 748 920 hunc
760 852 840 920 olim
849 850 946 946 juvat
958 871 991 923 et
1002 873 1142 924 ventura
1154 875 1319 926 senectus.

440 971 644 1034 Tercentum
657 967 801 1056 genitor,
813 963 1020 1060 totidemque
1031 969 1067 1034 in
1078 969 1194 1064 praelia
1207 987 1306 1039 natus
1385 980 1437 1034 sos

440 1081 606 1144 Exercent
617 1076 745 1167 equites
758 1071 813 1139 :hi
826 1072 1013 1142 deseruisse
1024 1076 1180 1146 feruntur

439 1184 566 1255 Exilcm
579 1184 746 1264 Glisanta,
756 1187 1017 1280 flammamque,
1030 1188 1177 1258 feracem

437 1305 550 1368 Messe
560 1297 758 1378 Coroniam,
770 1295 899 1364 Baccho
910 1297 1062 1367 Glisanta
1073 1299 1229 1370 colentes.

489 1441 502 1468 a
514 1407 575 1476 Sed
589 1410 702 1500 potius
713 1405 820 1474 celsos
832 1406 1044 1478 umbrantem
1057 1409 1149 1480 hunc
1159 1410 1296 1504 adspice
1306 1409 1373 1480 late

438 1527 572 1614 Hypsea
585 1516 819 1614 quadrijugos,
832 1517 931 1613 clipei
943 1521 1158 1615 septemplice
1169 1539 1267 1590 tauro
1384 1534 1435 1586 310

424 1747 487 1800 302.
509 1743 649 1816 Traxitque
664 1753 746 1794 notas.
764 1741 889 1796 Similitu-
935 1765 1004 1799 unus
1014 1747 1224 1818 Belias—lieg.
1238 1748 1271 1814 Β,
1285 1745 1436 1799 Glisantlaa·

388 1828 476 1880 dinem
491 1827 573 1898 patris
587 1826 614 1876 in
628 1841 677 1876 suc
692 1823 767 1876 cultu
785 1823 890 1890 retulit,
934 1824 993 1891 bet,
1007 1826 1053 1878 sed
1066 1824 1141 1879 litera
1152 1845 1168 1877 a
1182 1824 1234 1878 sliu
1248 1843 1329 1876 mann
1340 1843 1435 1898 supra-

389 1907 560 1978 signavitque.
934 1907 1032 1975 scripta
1045 1903 1090 1956 dat
1107 1902 1218 1956 Glisanta
1224 1925 1234 1966 ,·
1251 1905 1315 1976 neg.
1330 1904 1432 1956 Cnost.

424 1983 485 2036 303.
505 1983 617 2034 Etaunc
625 1982 661 2033 sic
664 1980 770 2052 fratres.
777 1979 890 2030 Etnunc
933 1978 995 2032 lect.
1008 1983 1053 2033 En.
1067 2011 1101 2021 ——
1114 1980 1273 2034 Glisanta...
1287 1984 1432 2034 Coroniam.

388 2067 409 2118 si
417 2065 515 2136 fratres
527 2063 594 2113 Dan.
933 2059 1020 2112 Glisas
1033 2073 1058 2112 ct
1074 2059 1190 2111 (laroma
1204 2059 1304 2132 oppida
1320 2063 1433 2112 Boeotiae.

422 2143 485 2209 304.
507 2137 892 2211 Pluspatenlauncolimjucat
969 2137 1030 2192 308.
1053 2141 1134 2192 Messe
1156 2142 1311 2205 Coroniam,
1334 2140 1365 2191 B.
1391 2139 1434 2192 Gl.

387 2234 413 2276 et
426 2233 534 2274 matura
550 2229 670 2272 senectus.
686 2218 846 2287 corruptum
861 2217 888 2266 in
934 2217 1015 2270 Messe
1029 2217 1185 2270 Chomniasn
1203 2218 1229 2270 in
1245 2215 1327 2268 altero
1341 2217 1433 2270 Bchot.

386 2303 427 2354 his
437 2301 524 2354 verbis
535 2299 669 2371 quidpiam
677 2300 732 2367 jam
745 2295 807 2347 olim
820 2295 890 2346 arbi·
935 2295 1075 2348 &mamm
1088 2292 1148 2346 edd.
1160 2308 1225 2348 vett.
1241 2293 1353 2348 Glisanta
1365 2298 1432 2350 Dan.

387 2395 471 2434 tratus
488 2399 556 2432 sum.
577 2379 676 2428 Forte:
690 2377 769 2446 juvat
789 2391 842 2424 una
861 2374 888 2423 in
933 2375 1020 2428 Petav.
1047 2373 1178 2428 Glissanta
1200 2373 1353 2428 Hemolaus
1375 2379 1435 2430 Bac·

386 2471 495 2532 atroque
512 2468 639 2516 sanemus
657 2453 718 2504 vel:
738 2452 808 2504 liunt
825 2450 888 2504 olim
933 2454 1173 2508 batus-Baccha
1186 2454 1314 2508 Glisanta.
1326 2457 1389 2510 Dua
1398 2460 1434 2510 ci·

378 2545 460 2614 juvat
482 2539 586 2589 unitura
609 2542 736 2592 senectusf
755 2530 816 2583 vel:
837 2549 890 2582 uita
935 2533 1295 2586 sitatesduoruannuminum
1305 2536 1435 2606 par-igau.

388 2621 453 2673 olim
467 2621 549 2690 jsaoat
570 2625 692 2666 suentana
711 2621 833 2662 senectus.
854 2637 890 2649 -
933 2610 998 2664 slent
1010 2630 1133 2676 munere,
1146 2613 1261 2665 Coronis
1272 2612 1375 2664 Baccho
1386 2616 1436 2666 ter·

388 2698 456 2752 Pius
464 2709 547 2768 pater.
563 2692 624 2744 Plus
636 2703 711 2763 pater
721 2689 823 2740 letatur
835 2687 890 2740 afll-
934 2690 987 2744 tilis
997 2704 1049 2756 est,
1058 2691 1134 2743 simul
1143 2690 1262 2744 Glisanta
1271 2693 1435 2746 cereraset

390 2779 472 2828 nitate
480 2774 576 2837 atatis,
587 2788 664 2843 qnam
675 2767 752 2820 lilius.
760 2767 889 2818 -Hanc
936 2789 1016 2842 quum
1029 2781 1101 2822 terroe
1110 2788 1197 2824 amus
1202 2771 1275 2842 ferre
1283 2772 1434 2826 omnianon

390 2853 486 2906 Filium
494 2850 605 2914 scilicet,
616 2849 752 2919 quiquam
762 2847 891 2909 senuerit,
934 2862 1053 2923 pomam,
1061 2865 1090 2902 ut
1098 2853 1212 2922 aitvirg,
1221 2851 1316 2921 Gema,
1328 2853 1362 2919 ῃ,
1376 2870 1434 2923 ¹09·

389 2933 522 2986 letabitur
536 2943 639 2982 atatem
651 2927 707 2979 lore
718 2943 819 2995 aquam
832 2942 893 2974 cum
936 2949 992 2982 non
1008 2929 1134 2994 frumenti
1150 2940 1176 2979 et
1189 2930 1243 2980 vini
1257 2945 1386 3002 proventu
1401 2935 1437 2984 si-

390 3025 466 3084 patre
475 3008 687 3076 habere,sicque
697 3017 784 3076 sperat
794 3001 893 3054 illimo-
938 3005 992 3058 mul
1013 3005 1131 3077 gaudent
1151 3004 1191 3057 hae
1213 3008 1349 3076 civitates,
1376 3029 1434 3081 quse

392 3092 472 3142 riensi
482 3108 509 3140 se
519 3107 572 3139 non
585 3080 841 3156 superfuturum.De
852 3081 895 3131 iis·
938 3084 1010 3157 apud
1024 3086 1135 3138 Plinium
1150 3099 1280 3139 vocantur
1295 3087 1393 3142 Glissss
1410 3105 1436 3144 et

393 3168 454 3220 (lem
472 3168 568 3218 Noster
578 3163 663 3215 Theb.
684 3163 735 3226 xl,
750 3161 783 3212 35
798 3173 893 3229 etseq.
938 3165 1067 3216 Coronea.
1086 3166 1132 3217 Eo.

396 3249 595 3318 :juvenemque
607 3255 710 3314 patrem
727 3257 794 3310 puer
809 3251 896 3308 aequat
974 3243 1039 3312 309,
1054 3244 1114 3296 3¹0.
1128 3243 1207 3296 Hunc
1215 3246 1315 3317 adspice
1326 3245 1379 3301 late
1391 3250 1437 3320 ty·

393 3325 548 3384 Alatbrcus;
562 3321 661 3374 Felices
675 3317 765 3378 analio,
780 3316 826 3368 sed
838 3318 895 3368 lut·
937 3339 998 3393 psea
1011 3323 1182 3395 quadnjupos.
1199 3324 1256 3376 Nic.
1270 3325 1392 3379 Heinsius
1409 3330 1437 3380 in

393 3400 893 3470 tunaticrilleQuemgsnuissejuvat.a
939 3399 1047 3453 Advers.
1061 3400 1106 3454 lib.
1122 3403 1158 3468 tl,
1175 3419 1233 3473 cap.
1251 3405 1294 3469 16,
1309 3423 1370 3476 pag.
1385 3407 1433 3474 341

431 3485 490 3536 305.
510 3483 543 3533 ln
558 3478 650 3554 prelia
669 3490 743 3532 natus
759 3480 893 3530 Exercent.
939 3477 1021 3550 legit:
1041 3479 1109 3534 hunc
1126 3481 1211 3551 aspice
1228 3500 1316 3534 curras
1332 3483 1438 3556 Hypsea

394 3563 531 3614 Domitant
555 3574 582 3613 et
610 3559 688 3611 armis
716 3557 895 3609 assuefaciunt
938 3558 1114 3631 quadrijupas.
1133 3587 1167 3598 -
1185 3561 1289 3632 Hypsea
1306 3563 1439 3637 qaaadnju·

395 3645 507 3716 equites.
937 3657 992 3710 pos.
1000 3639 1116 3689 Fratrem
1125 3639 1198 3690 AEaci
1206 3638 1367 3711 dici1‚cujus
1377 3645 1439 3716 Jup-

430 3723 490 3776 306.
510 3719 658 3772 Decentisse.
677 3721 851 3788 Properantes
868 3717 894 3766 in
938 3717 1008 3788 piter
1018 3733 1049 3768 cx
1059 3716 1176 3770 formicis
1187 3721 1273 3772 socios
1285 3721 1347 3772 fecit
1356 3740 1438 3784 arma·

393 3802 512 3878 pralium
527 3801 598 3852 velut
612 3798 738 3852 deserunt
753 3797 874 3866 patriam.
939 3797 1110 3849 tcsesistcre:
1121 3815 1151 3849 es
1161 3817 1192 3850 eo
1202 3798 1293 3852 Peleus
1301 3813 1378 3853 natus
1388 3817 1437 3871 est,

430 3883 490 3954 307.
517 3880 620 3932 Exilem
650 3876 789 3940 Glisanta,
819 3875 896 3927 Cora·
940 3874 1032 3927 exhoc
1043 3875 1255 3947 Achilles,cujss
1266 3877 1358 3930 milites
1369 3883 1437 3954 Myr-

394 3966 533 4034 niamqne,
551 3958 677 4030 feracem.
697 3953 802 4007 Exilem
825 3951 893 4006 Glis-
938 3952 1437 4027 midonesnuncupatisuntaformica·

392 4055 465 4098 santa
474 4037 642 4092 scribendum
652 4047 730 4107 potat
736 4030 893 4084 Hermolaus
938 4051 997 4084 rum
1010 4035 1126 4104 origine:
1139 4033 1253 4104 μύρμηκος
1266 4036 1334 4088 euim
1346 4038 1435 4092 Graece

392 4121 523 4178 Barbarus
537 4121 563 4170 in
579 4114 644 4166 Plin.
657 4131 718 4186 pag.
732 4129 773 4182 7⁰·
788 4110 892 4163 Exilesn
932 4113 1053 4184 fonnicoe
1064 4113 1196 4167 dicuntur.
1212 4117 1288 4166 Hunc
1302 4116 1435 4189 Hypsenm

393 4200 506 4254 Glisanta
514 4197 582 4247 Dan.
591 4195 677 4244 Petav.
688 4189 893 4262 Giomniamqae
936 4189 1021 4244 tueb.
1034 4191 1082 4257 nt,
1096 4193 1238 4263 Capaneus
1250 4193 1354 4248 occidit.
1367 4189 1370 4194 ’
