<?xml version="1.0" encoding="UTF-8"?>
<!DOCTYPE html PUBLIC "-//W3C//DTD XHTML 1.0 Transitional//EN"
    "http://www.w3.org/TR/xhtml1/DTD/xhtml1-transitional.dtd">
<html xmlns="http://www.w3.org/1999/xhtml" xml:lang="en" lang="en">
 <head>
  <title>
</title>
<meta http-equiv="Content-Type" content="text/html;charset=utf-8" />
  <meta name='ocr-system' content='tesseract 3.04.00' />
  <meta name='ocr-capabilities' content='ocr_page ocr_carea ocr_par ocr_line ocrx_word'/>
</head>
<body>
  <div class='ocr_page' id='page_1' title='image "./libriquinquesil00statgoog_0482.png"; bbox 0 0 3256 5160; ppageno 0'>
   <div class='ocr_carea' id='block_1_1' title="bbox 603 553 1257 644">
    <p class='ocr_par' dir='ltr' id='par_1_1' title="bbox 603 553 1257 644">
     <span class='ocr_line' id='line_1_1' title="bbox 603 553 1257 644; baseline 0.011 -27"><span class='ocrx_word' id='word_1_1' title='bbox 603 554 748 617; x_wconf 82' lang='lat' dir='ltr'>ctunn</span> <span class='ocrx_word' id='word_1_2' title='bbox 770 553 853 618; x_wconf 82' lang='lat' dir='ltr'>xri.</span> <span class='ocrx_word' id='word_1_3' title='bbox 1191 557 1257 644; x_wconf 65' lang='lat'>475</span> 
     </span>
    </p>
   </div>
   <div class='ocr_carea' id='block_1_2' title="bbox 255 675 1260 1994">
    <p class='ocr_par' dir='ltr' id='par_1_2' title="bbox 255 675 1260 1994">
     <span class='ocr_line' id='line_1_2' title="bbox 301 675 1078 759; baseline -0.004 -12"><span class='ocrx_word' id='word_1_4' title='bbox 301 675 364 748; x_wconf 88' lang='lat' dir='ltr'>Sed</span> <span class='ocrx_word' id='word_1_5' title='bbox 376 677 488 746; x_wconf 89' lang='lat' dir='ltr'>solum</span> <span class='ocrx_word' id='word_1_6' title='bbox 503 678 605 759; x_wconf 89' lang='lat' dir='ltr'>votis,</span> <span class='ocrx_word' id='word_1_7' title='bbox 619 676 730 744; x_wconf 89' lang='lat' dir='ltr'>solum</span> <span class='ocrx_word' id='word_1_8' title='bbox 742 676 891 745; x_wconf 86' lang='lat' dir='ltr'>clamore</span> <span class='ocrx_word' id='word_1_9' title='bbox 903 677 1078 747; x_wconf 85' lang='lat' dir='ltr'>fremendo</span> 
     </span>
     <span class='ocr_line' id='line_1_3' title="bbox 255 787 1118 882; baseline 0.001 -28"><span class='ocrx_word' id='word_1_10' title='bbox 255 787 421 856; x_wconf 87' lang='lat' dir='ltr'>Omnibus</span> <span class='ocrx_word' id='word_1_11' title='bbox 433 791 468 856; x_wconf 90' lang='lat' dir='ltr'>in</span> <span class='ocrx_word' id='word_1_12' title='bbox 481 789 600 854; x_wconf 85' lang='lat' dir='ltr'>turmis</span> <span class='ocrx_word' id='word_1_13' title='bbox 612 803 774 882; x_wconf 84' lang='lat' dir='ltr'>optatque</span> <span class='ocrx_word' id='word_1_14' title='bbox 787 803 951 882; x_wconf 86' lang='lat' dir='ltr'>vocatque</span> <span class='ocrx_word' id='word_1_15' title='bbox 962 793 1118 856; x_wconf 76' lang='lat' dir='ltr'><strong>Creonta.</strong></span> 
     </span>
     <span class='ocr_line' id='line_1_4' title="bbox 255 897 1142 992; baseline 0.003 -29"><span class='ocrx_word' id='word_1_16' title='bbox 255 905 365 992; x_wconf 77' lang='lat' dir='ltr'>Atque</span> <span class='ocrx_word' id='word_1_17' title='bbox 377 897 470 968; x_wconf 91' lang='lat' dir='ltr'>hunc</span> <span class='ocrx_word' id='word_1_18' title='bbox 482 897 612 966; x_wconf 85' lang='lat' dir='ltr'>diversa</span> <span class='ocrx_word' id='word_1_19' title='bbox 626 897 792 966; x_wconf 90' lang='lat' dir='ltr'>bellorum</span> <span class='ocrx_word' id='word_1_20' title='bbox 804 900 840 965; x_wconf 94' lang='lat' dir='ltr'>in</span> <span class='ocrx_word' id='word_1_21' title='bbox 851 898 962 966; x_wconf 84' lang='lat' dir='ltr'>fronte</span> <span class='ocrx_word' id='word_1_22' title='bbox 974 898 1142 992; x_wconf 85' lang='lat' dir='ltr'>maniplos</span> 
     </span>
     <span class='ocr_line' id='line_1_5' title="bbox 257 1007 1259 1104; baseline 0.005 -31"><span class='ocrx_word' id='word_1_23' title='bbox 257 1013 454 1078; x_wconf 85' lang='lat' dir='ltr'>Hortantem</span> <span class='ocrx_word' id='word_1_24' title='bbox 467 1007 1144 1104; x_wconf 76' lang='lat' dir='ltr'>dictio,frustrequeextremamiuantem</span> <span class='ocrx_word' id='word_1_25' title='bbox 1208 1023 1259 1094; x_wconf 85' lang='lat'>755</span> 
     </span>
     <span class='ocr_line' id='line_1_6' title="bbox 255 1118 1097 1213; baseline 0.004 -27"><span class='ocrx_word' id='word_1_26' title='bbox 255 1122 441 1211; x_wconf 89' lang='lat' dir='ltr'>Conspicit:</span> <span class='ocrx_word' id='word_1_27' title='bbox 455 1118 643 1190; x_wconf 84' lang='lat' dir='ltr'>abscedunt</span> <span class='ocrx_word' id='word_1_28' title='bbox 655 1123 810 1203; x_wconf 83' lang='lat' dir='ltr'>comites,</span> <span class='ocrx_word' id='word_1_29' title='bbox 826 1138 860 1187; x_wconf 91' lang='lat' dir='ltr'>et</span> <span class='ocrx_word' id='word_1_30' title='bbox 870 1121 1000 1188; x_wconf 85' lang='lat' dir='ltr'>Thesea</span> <span class='ocrx_word' id='word_1_31' title='bbox 1009 1119 1097 1213; x_wconf 88' lang='lat' dir='ltr'>jussi</span> 
     </span>
     <span class='ocr_line' id='line_1_7' title="bbox 257 1230 1104 1325; baseline 0.004 -29"><span class='ocrx_word' id='word_1_32' title='bbox 257 1231 487 1323; x_wconf 81' lang='lat' dir='ltr'><strong>Linquebant,</strong></span> <span class='ocrx_word' id='word_1_33' title='bbox 500 1230 643 1324; x_wconf 86' lang='lat' dir='ltr'>fretique</span> <span class='ocrx_word' id='word_1_34' title='bbox 655 1233 746 1313; x_wconf 88' lang='lat' dir='ltr'>Deis,</span> <span class='ocrx_word' id='word_1_35' title='bbox 758 1233 978 1325; x_wconf 88' lang='lat' dir='ltr'>atqueipsius</span> <span class='ocrx_word' id='word_1_36' title='bbox 990 1235 1104 1300; x_wconf 84' lang='lat' dir='ltr'>ermis.</span> 
     </span>
     <span class='ocr_line' id='line_1_8' title="bbox 258 1340 1138 1437; baseline 0.005 -29"><span class='ocrx_word' id='word_1_37' title='bbox 258 1340 320 1408; x_wconf 91' lang='lat' dir='ltr'>llle</span> <span class='ocrx_word' id='word_1_38' title='bbox 333 1357 438 1422; x_wconf 83' lang='lat' dir='ltr'>tenet,</span> <span class='ocrx_word' id='word_1_39' title='bbox 452 1357 656 1436; x_wconf 85' lang='lat' dir='ltr'>revocatque</span> <span class='ocrx_word' id='word_1_40' title='bbox 669 1366 765 1410; x_wconf 85' lang='lat' dir='ltr'>suos:</span> <span class='ocrx_word' id='word_1_41' title='bbox 781 1361 885 1437; x_wconf 91' lang='lat' dir='ltr'>utque</span> <span class='ocrx_word' id='word_1_42' title='bbox 899 1367 996 1437; x_wconf 79' lang='lat' dir='ltr'>oeque</span> <span class='ocrx_word' id='word_1_43' title='bbox 1009 1347 1138 1412; x_wconf 83' lang='lat' dir='ltr'>notovit</span> 
     </span>
     <span class='ocr_line' id='line_1_9' title="bbox 258 1445 1082 1546; baseline 0.002 -27"><span class='ocrx_word' id='word_1_44' title='bbox 258 1456 344 1520; x_wconf 91' lang='lat' dir='ltr'>Hinc</span> <span class='ocrx_word' id='word_1_45' title='bbox 356 1469 458 1546; x_wconf 85' lang='lat' dir='ltr'>atque</span> <span class='ocrx_word' id='word_1_46' title='bbox 470 1453 549 1520; x_wconf 92' lang='lat' dir='ltr'>hinc</span> <span class='ocrx_word' id='word_1_47' title='bbox 561 1445 654 1534; x_wconf 74' lang='lat' dir='ltr'>odiit,</span> <span class='ocrx_word' id='word_1_48' title='bbox 669 1469 818 1520; x_wconf 83' lang='lat' dir='ltr'>extreme</span> <span class='ocrx_word' id='word_1_49' title='bbox 831 1477 867 1521; x_wconf 90' lang='lat' dir='ltr'>se</span> <span class='ocrx_word' id='word_1_50' title='bbox 879 1451 1006 1545; x_wconf 77' lang='lat' dir='ltr'>colligit</span> <span class='ocrx_word' id='word_1_51' title='bbox 1017 1458 1082 1538; x_wconf 84' lang='lat' dir='ltr'>ira,</span> 
     </span>
     <span class='ocr_line' id='line_1_10' title="bbox 256 1561 1260 1658; baseline 0 -28"><span class='ocrx_word' id='word_1_52' title='bbox 256 1568 332 1630; x_wconf 84' lang='lat' dir='ltr'>lem</span> <span class='ocrx_word' id='word_1_53' title='bbox 347 1561 446 1632; x_wconf 81' lang='lat' dir='ltr'>letale</span> <span class='ocrx_word' id='word_1_54' title='bbox 461 1563 595 1645; x_wconf 87' lang='lat' dir='ltr'>furens,</span> <span class='ocrx_word' id='word_1_55' title='bbox 608 1580 710 1658; x_wconf 81' lang='lat' dir='ltr'>utque</span> <span class='ocrx_word' id='word_1_56' title='bbox 721 1562 830 1631; x_wconf 80' lang='lat' dir='ltr'>audax</span> <span class='ocrx_word' id='word_1_57' title='bbox 844 1581 952 1631; x_wconf 86' lang='lat' dir='ltr'>morte</span> <span class='ocrx_word' id='word_1_58' title='bbox 966 1564 1097 1630; x_wconf 85' lang='lat' dir='ltr'>futura:</span> <span class='ocrx_word' id='word_1_59' title='bbox 1209 1578 1260 1648; x_wconf 81' lang='lat'>7⁶⁰</span> 
     </span>
     <span class='ocr_line' id='line_1_11' title="bbox 262 1675 1150 1770; baseline 0.001 -28"><span class='ocrx_word' id='word_1_60' title='bbox 262 1681 358 1744; x_wconf 81' lang='lat' dir='ltr'>«Non</span> <span class='ocrx_word' id='word_1_61' title='bbox 372 1699 450 1744; x_wconf 91' lang='lat' dir='ltr'>cum</span> <span class='ocrx_word' id='word_1_62' title='bbox 464 1675 641 1768; x_wconf 86' lang='lat' dir='ltr'>peltiferis,</span> <span class='ocrx_word' id='word_1_63' title='bbox 653 1678 714 1757; x_wconf 86' lang='lat' dir='ltr'>ait,</span> <span class='ocrx_word' id='word_1_64' title='bbox 727 1675 800 1744; x_wconf 85' lang='lat' dir='ltr'>haec</span> <span class='ocrx_word' id='word_1_65' title='bbox 813 1677 872 1743; x_wconf 89' lang='lat' dir='ltr'>tibi</span> <span class='ocrx_word' id='word_1_66' title='bbox 885 1701 1000 1770; x_wconf 80' lang='lat' dir='ltr'>pugna</span> <span class='ocrx_word' id='word_1_67' title='bbox 1012 1675 1150 1768; x_wconf 85' lang='lat' dir='ltr'>puellis,</span> 
     </span>
     <span class='ocr_line' id='line_1_12' title="bbox 258 1784 1122 1878; baseline 0.005 -28"><span class='ocrx_word' id='word_1_68' title='bbox 258 1789 433 1878; x_wconf 77' lang='lat' dir='ltr'>Virgineus</span> <span class='ocrx_word' id='word_1_69' title='bbox 446 1810 509 1853; x_wconf 92' lang='lat' dir='ltr'>nec</span> <span class='ocrx_word' id='word_1_70' title='bbox 521 1784 621 1854; x_wconf 85' lang='lat' dir='ltr'>crede</span> <span class='ocrx_word' id='word_1_71' title='bbox 632 1811 771 1854; x_wconf 89' lang='lat' dir='ltr'>manus:</span> <span class='ocrx_word' id='word_1_72' title='bbox 786 1787 841 1854; x_wconf 90' lang='lat' dir='ltr'>hic</span> <span class='ocrx_word' id='word_1_73' title='bbox 855 1786 960 1854; x_wconf 85' lang='lat' dir='ltr'>crude</span> <span class='ocrx_word' id='word_1_74' title='bbox 972 1789 1122 1854; x_wconf 84' lang='lat' dir='ltr'>virorum</span> 
     </span>
     <span class='ocr_line' id='line_1_13' title="bbox 258 1897 1182 1994; baseline 0.002 -31"><span class='ocrx_word' id='word_1_75' title='bbox 258 1897 395 1965; x_wconf 81' lang='lat' dir='ltr'>Proelio:</span> <span class='ocrx_word' id='word_1_76' title='bbox 408 1923 471 1966; x_wconf 92' lang='lat' dir='ltr'>nos</span> <span class='ocrx_word' id='word_1_77' title='bbox 482 1923 646 1991; x_wconf 77' lang='lat' dir='ltr'>magnum</span> <span class='ocrx_word' id='word_1_78' title='bbox 658 1903 716 1994; x_wconf 92' lang='lat' dir='ltr'>qui</span> <span class='ocrx_word' id='word_1_79' title='bbox 727 1899 861 1993; x_wconf 81' lang='lat' dir='ltr'>Tydeo,</span> <span class='ocrx_word' id='word_1_80' title='bbox 874 1903 1001 1994; x_wconf 89' lang='lat' dir='ltr'>quique</span> <span class='ocrx_word' id='word_1_81' title='bbox 1013 1900 1182 1966; x_wconf 84' lang='lat' dir='ltr'>furentem</span> 
     </span>
    </p>
   </div>
   <div class='ocr_carea' id='block_1_3' title="bbox 203 2099 1268 4322">
    <p class='ocr_par' dir='ltr' id='par_1_3' title="bbox 203 2099 1268 4322">
     <span class='ocr_line' id='line_1_14' title="bbox 211 2099 1261 2175; baseline -0.002 -22"><span class='ocrx_word' id='word_1_82' title='bbox 211 2114 313 2154; x_wconf 82' lang='lat' dir='ltr'>temone</span> <span class='ocrx_word' id='word_1_83' title='bbox 325 2112 422 2155; x_wconf 84' lang='lat' dir='ltr'>retenta</span> <span class='ocrx_word' id='word_1_84' title='bbox 435 2112 478 2154; x_wconf 86' lang='lat' dir='ltr'>est.</span> <span class='ocrx_word' id='word_1_85' title='bbox 491 2132 527 2142; x_wconf 92' lang='lat'>-</span> <span class='ocrx_word' id='word_1_86' title='bbox 540 2103 662 2158; x_wconf 82' lang='lat' dir='ltr'>Temoue.</span> <span class='ocrx_word' id='word_1_87' title='bbox 675 2104 715 2155; x_wconf 88' lang='lat' dir='ltr'>De</span> <span class='ocrx_word' id='word_1_88' title='bbox 759 2101 881 2155; x_wconf 67' lang='lat' dir='ltr'>branae.»</span> <span class='ocrx_word' id='word_1_89' title='bbox 902 2105 996 2155; x_wconf 77' lang='lat' dir='ltr'>Birrn.</span> <span class='ocrx_word' id='word_1_90' title='bbox 1011 2104 1070 2175; x_wconf 81' lang='lat' dir='ltr'>Ipse</span> <span class='ocrx_word' id='word_1_91' title='bbox 1084 2111 1154 2154; x_wconf 83' lang='lat' dir='ltr'>tenet</span> <span class='ocrx_word' id='word_1_92' title='bbox 1169 2099 1261 2152; x_wconf 89' lang='lat' dir='ltr'>Behot.</span> 
     </span>
     <span class='ocr_line' id='line_1_15' title="bbox 211 2179 1264 2255; baseline 0 -25"><span class='ocrx_word' id='word_1_93' title='bbox 211 2179 289 2250; x_wconf 69' lang='lat' dir='ltr'>longe</span> <span class='ocrx_word' id='word_1_94' title='bbox 310 2183 407 2248; x_wconf 80' lang='lat' dir='ltr'>misso,</span> <span class='ocrx_word' id='word_1_95' title='bbox 428 2185 502 2252; x_wconf 89' lang='lat' dir='ltr'>quasi</span> <span class='ocrx_word' id='word_1_96' title='bbox 523 2181 607 2247; x_wconf 80' lang='lat' dir='ltr'>dicat,</span> <span class='ocrx_word' id='word_1_97' title='bbox 627 2182 715 2234; x_wconf 82' lang='lat' dir='ltr'>adhue</span> <span class='ocrx_word' id='word_1_98' title='bbox 762 2201 792 2244; x_wconf 78' lang='lat'>2,</span> <span class='ocrx_word' id='word_1_99' title='bbox 812 2200 880 2255; x_wconf 69' lang='lat' dir='ltr'>repra</span> <span class='ocrx_word' id='word_1_100' title='bbox 903 2185 1003 2234; x_wconf 85' lang='lat' dir='ltr'>notauit</span> <span class='ocrx_word' id='word_1_101' title='bbox 1021 2183 1087 2232; x_wconf 79' lang='lat' dir='ltr'>Dan.</span> <span class='ocrx_word' id='word_1_102' title='bbox 1107 2193 1134 2231; x_wconf 91' lang='lat' dir='ltr'>et</span> <span class='ocrx_word' id='word_1_103' title='bbox 1153 2180 1209 2231; x_wconf 88' lang='lat' dir='ltr'>Put.</span> <span class='ocrx_word' id='word_1_104' title='bbox 1229 2209 1264 2218; x_wconf 90' lang='lat'>—</span> 
     </span>
     <span class='ocr_line' id='line_1_16' title="bbox 211 2259 1264 2334; baseline -0.002 -22"><span class='ocrx_word' id='word_1_105' title='bbox 211 2263 300 2332; x_wconf 89' lang='lat' dir='ltr'>potuit</span> <span class='ocrx_word' id='word_1_106' title='bbox 311 2265 421 2314; x_wconf 81' lang='lat' dir='ltr'>transire</span> <span class='ocrx_word' id='word_1_107' title='bbox 434 2266 555 2330; x_wconf 85' lang='lat' dir='ltr'>tertium,</span> <span class='ocrx_word' id='word_1_108' title='bbox 569 2265 615 2316; x_wconf 87' lang='lat' dir='ltr'>sed</span> <span class='ocrx_word' id='word_1_109' title='bbox 629 2277 717 2316; x_wconf 88' lang='lat' dir='ltr'>reten-</span> <span class='ocrx_word' id='word_1_110' title='bbox 759 2263 823 2332; x_wconf 78' lang='lat' dir='ltr'>Reg.</span> <span class='ocrx_word' id='word_1_111' title='bbox 835 2259 959 2324; x_wconf 84' lang='lat' dir='ltr'>Bhobet,</span> <span class='ocrx_word' id='word_1_112' title='bbox 973 2271 1053 2334; x_wconf 83' lang='lat' dir='ltr'>utque</span> <span class='ocrx_word' id='word_1_113' title='bbox 1064 2278 1137 2331; x_wconf 82' lang='lat' dir='ltr'>oequa</span> <span class='ocrx_word' id='word_1_114' title='bbox 1150 2259 1264 2320; x_wconf 79' lang='lat' dir='ltr'>notauit3</span> 
     </span>
     <span class='ocr_line' id='line_1_17' title="bbox 211 2336 1265 2410; baseline -0.003 -19"><span class='ocrx_word' id='word_1_115' title='bbox 211 2352 239 2391; x_wconf 91' lang='lat' dir='ltr'>ta</span> <span class='ocrx_word' id='word_1_116' title='bbox 249 2354 288 2393; x_wconf 91' lang='lat' dir='ltr'>est</span> <span class='ocrx_word' id='word_1_117' title='bbox 299 2343 326 2392; x_wconf 95' lang='lat' dir='ltr'>in</span> <span class='ocrx_word' id='word_1_118' title='bbox 340 2356 453 2393; x_wconf 87' lang='lat' dir='ltr'>temone.</span> <span class='ocrx_word' id='word_1_119' title='bbox 473 2345 599 2394; x_wconf 74' lang='lat' dir='ltr'>Lnomnr.</span> <span class='ocrx_word' id='word_1_120' title='bbox 760 2342 823 2410; x_wconf 73' lang='lat' dir='ltr'>neg.</span> <span class='ocrx_word' id='word_1_121' title='bbox 840 2342 861 2396; x_wconf 87' lang='lat' dir='ltr'><strong>G</strong></span> <span class='ocrx_word' id='word_1_122' title='bbox 876 2341 996 2394; x_wconf 81' lang='lat' dir='ltr'>eemrlem</span> <span class='ocrx_word' id='word_1_123' title='bbox 1013 2339 1073 2392; x_wconf 85' lang='lat' dir='ltr'>leet.</span> <span class='ocrx_word' id='word_1_124' title='bbox 1094 2341 1142 2390; x_wconf 87' lang='lat' dir='ltr'>Eu.</span> <span class='ocrx_word' id='word_1_125' title='bbox 1159 2367 1192 2378; x_wconf 91' lang='lat'>-</span> <span class='ocrx_word' id='word_1_126' title='bbox 1213 2336 1265 2389; x_wconf 84' lang='lat' dir='ltr'>Ille</span> 
     </span>
     <span class='ocr_line' id='line_1_18' title="bbox 247 2417 1265 2492; baseline -0.002 -24"><span class='ocrx_word' id='word_1_127' title='bbox 247 2417 368 2487; x_wconf 78' lang='lat' dir='ltr'>75¹..S.s.</span> <span class='ocrx_word' id='word_1_128' title='bbox 385 2437 435 2470; x_wconf 87' lang='lat' dir='ltr'>v.s.</span> <span class='ocrx_word' id='word_1_129' title='bbox 448 2417 561 2471; x_wconf 81' lang='lat' dir='ltr'>elamore</span> <span class='ocrx_word' id='word_1_130' title='bbox 566 2418 715 2490; x_wconf 71' lang='lat' dir='ltr'>fretmodo.</span> <span class='ocrx_word' id='word_1_131' title='bbox 762 2430 847 2484; x_wconf 85' lang='lat' dir='ltr'>tenet,</span> <span class='ocrx_word' id='word_1_132' title='bbox 874 2431 1024 2492; x_wconf 80' lang='lat' dir='ltr'>reuocatque</span> <span class='ocrx_word' id='word_1_133' title='bbox 1045 2437 1109 2471; x_wconf 80' lang='lat' dir='ltr'>suos.</span> <span class='ocrx_word' id='word_1_134' title='bbox 1133 2418 1265 2467; x_wconf 84' lang='lat' dir='ltr'>Nimirum</span> 
     </span>
     <span class='ocr_line' id='line_1_19' title="bbox 210 2497 1265 2572; baseline -0.005 -22"><span class='ocrx_word' id='word_1_135' title='bbox 210 2500 268 2550; x_wconf 83' lang='lat' dir='ltr'>Put.</span> <span class='ocrx_word' id='word_1_136' title='bbox 279 2512 304 2550; x_wconf 87' lang='lat' dir='ltr'>et</span> <span class='ocrx_word' id='word_1_137' title='bbox 314 2499 530 2551; x_wconf 88' lang='lat' dir='ltr'>nonnulliBorth.</span> <span class='ocrx_word' id='word_1_138' title='bbox 540 2500 717 2572; x_wconf 81' lang='lat' dir='ltr'>clamorepne·</span> <span class='ocrx_word' id='word_1_139' title='bbox 762 2499 847 2550; x_wconf 80' lang='lat' dir='ltr'><strong>Creon</strong></span> <span class='ocrx_word' id='word_1_140' title='bbox 859 2513 965 2550; x_wconf 76' lang='lat' dir='ltr'>revocat</span> <span class='ocrx_word' id='word_1_141' title='bbox 975 2497 1155 2562; x_wconf 79' lang='lat' dir='ltr'>discedentes,</span> <span class='ocrx_word' id='word_1_142' title='bbox 1167 2507 1265 2546; x_wconf 85' lang='lat' dir='ltr'>stantes</span> 
     </span>
     <span class='ocr_line' id='line_1_20' title="bbox 211 2576 1265 2649; baseline -0.004 -21"><span class='ocrx_word' id='word_1_143' title='bbox 211 2579 438 2630; x_wconf 65' lang='lat' dir='ltr'>mendo—Hanc</span> <span class='ocrx_word' id='word_1_144' title='bbox 449 2578 554 2630; x_wconf 83' lang='lat' dir='ltr'>lection.</span> <span class='ocrx_word' id='word_1_145' title='bbox 564 2581 645 2649; x_wconf 76' lang='lat' dir='ltr'>Regg.</span> <span class='ocrx_word' id='word_1_146' title='bbox 659 2582 717 2632; x_wconf 83' lang='lat' dir='ltr'>Bet</span> <span class='ocrx_word' id='word_1_147' title='bbox 762 2590 788 2628; x_wconf 84' lang='lat' dir='ltr'>et</span> <span class='ocrx_word' id='word_1_148' title='bbox 802 2576 941 2646; x_wconf 71' lang='lat' dir='ltr'>ambiguos</span> <span class='ocrx_word' id='word_1_149' title='bbox 954 2576 1032 2647; x_wconf 82' lang='lat' dir='ltr'>jubet</span> <span class='ocrx_word' id='word_1_150' title='bbox 1043 2595 1161 2638; x_wconf 82' lang='lat' dir='ltr'>manere,</span> <span class='ocrx_word' id='word_1_151' title='bbox 1179 2591 1265 2646; x_wconf 86' lang='lat' dir='ltr'>neque</span> 
     </span>
     <span class='ocr_line' id='line_1_21' title="bbox 211 2653 1265 2729; baseline -0.005 -21"><span class='ocrx_word' id='word_1_152' title='bbox 211 2656 717 2729; x_wconf 69' lang='lat' dir='ltr'>Cpraelrent.Vitg.AEn.lX,438,sie</span> <span class='ocrx_word' id='word_1_153' title='bbox 761 2655 822 2708; x_wconf 85' lang='lat' dir='ltr'>loco</span> <span class='ocrx_word' id='word_1_154' title='bbox 847 2656 979 2709; x_wconf 74' lang='lat' dir='ltr'>excedere.</span> <span class='ocrx_word' id='word_1_155' title='bbox 1004 2659 1105 2708; x_wconf 81' lang='lat' dir='ltr'>Priores</span> <span class='ocrx_word' id='word_1_156' title='bbox 1128 2653 1265 2706; x_wconf 87' lang='lat' dir='ltr'>Editiones</span> 
     </span>
     <span class='ocr_line' id='line_1_22' title="bbox 210 2736 1264 2804; baseline -0.006 -15"><span class='ocrx_word' id='word_1_157' title='bbox 210 2743 306 2794; x_wconf 76' lang='lat' dir='ltr'>Nisum</span> <span class='ocrx_word' id='word_1_158' title='bbox 322 2743 457 2796; x_wconf 74' lang='lat' dir='ltr'>Volscenti</span> <span class='ocrx_word' id='word_1_159' title='bbox 472 2744 522 2796; x_wconf 67' lang='lat'>5015</span> <span class='ocrx_word' id='word_1_160' title='bbox 535 2746 716 2797; x_wconf 68' lang='lat' dir='ltr'>imminentem</span> <span class='ocrx_word' id='word_1_161' title='bbox 761 2736 860 2787; x_wconf 79' lang='lat' dir='ltr'>habent</span> <span class='ocrx_word' id='word_1_162' title='bbox 869 2736 937 2788; x_wconf 77' lang='lat' dir='ltr'>:tlte</span> <span class='ocrx_word' id='word_1_163' title='bbox 945 2736 1032 2801; x_wconf 79' lang='lat' dir='ltr'>timet,</span> <span class='ocrx_word' id='word_1_164' title='bbox 1043 2745 1264 2804; x_wconf 81' lang='lat' dir='ltr'>reuocatquetuos.</span> 
     </span>
     <span class='ocr_line' id='line_1_23' title="bbox 211 2811 1265 2892; baseline -0.01 -20"><span class='ocrx_word' id='word_1_165' title='bbox 211 2840 272 2872; x_wconf 86' lang='lat' dir='ltr'>ense</span> <span class='ocrx_word' id='word_1_166' title='bbox 284 2822 412 2873; x_wconf 87' lang='lat' dir='ltr'>fulmineo</span> <span class='ocrx_word' id='word_1_167' title='bbox 426 2824 518 2892; x_wconf 83' lang='lat' dir='ltr'>pinxit.</span> <span class='ocrx_word' id='word_1_168' title='bbox 528 2823 575 2873; x_wconf 87' lang='lat' dir='ltr'>Eo.</span> <span class='ocrx_word' id='word_1_169' title='bbox 761 2845 797 2856; x_wconf 89' lang='lat'>·-</span> <span class='ocrx_word' id='word_1_170' title='bbox 810 2818 906 2887; x_wconf 68' lang='lat' dir='ltr'>(Eque.</span> <span class='ocrx_word' id='word_1_171' title='bbox 927 2817 997 2890; x_wconf 81' lang='lat' dir='ltr'>Quia</span> <span class='ocrx_word' id='word_1_172' title='bbox 1017 2815 1057 2866; x_wconf 91' lang='lat' dir='ltr'>sui</span> <span class='ocrx_word' id='word_1_173' title='bbox 1078 2811 1265 2882; x_wconf 77' lang='lat' dir='ltr'>relinquebant</span> 
     </span>
     <span class='ocr_line' id='line_1_24' title="bbox 248 2892 1266 2973; baseline -0.009 -20"><span class='ocrx_word' id='word_1_174' title='bbox 248 2901 308 2963; x_wconf 80' lang='lat'>753.</span> <span class='ocrx_word' id='word_1_175' title='bbox 331 2903 361 2952; x_wconf 90' lang='lat'>0.</span> <span class='ocrx_word' id='word_1_176' title='bbox 379 2903 397 2952; x_wconf 84' lang='lat' dir='ltr'>i.</span> <span class='ocrx_word' id='word_1_177' title='bbox 417 2913 434 2952; x_wconf 88' lang='lat' dir='ltr'>t.</span> <span class='ocrx_word' id='word_1_178' title='bbox 455 2912 577 2972; x_wconf 74' lang='lat' dir='ltr'>optatque</span> <span class='ocrx_word' id='word_1_179' title='bbox 594 2913 718 2973; x_wconf 75' lang='lat' dir='ltr'>uocatque</span> <span class='ocrx_word' id='word_1_180' title='bbox 762 2915 823 2948; x_wconf 85' lang='lat' dir='ltr'>eum</span> <span class='ocrx_word' id='word_1_181' title='bbox 835 2911 860 2947; x_wconf 86' lang='lat' dir='ltr'>et</span> <span class='ocrx_word' id='word_1_182' title='bbox 876 2896 1055 2948; x_wconf 83' lang='lat' dir='ltr'>abhorrebunt</span> <span class='ocrx_word' id='word_1_183' title='bbox 1072 2893 1106 2944; x_wconf 91' lang='lat' dir='ltr'>oh</span> <span class='ocrx_word' id='word_1_184' title='bbox 1126 2892 1266 2945; x_wconf 82' lang='lat' dir='ltr'>crudelita-</span> 
     </span>
     <span class='ocr_line' id='line_1_25' title="bbox 213 2975 1264 3050; baseline -0.009 -18"><span class='ocrx_word' id='word_1_185' title='bbox 213 2981 331 3032; x_wconf 84' lang='lat' dir='ltr'>Creonta.</span> <span class='ocrx_word' id='word_1_186' title='bbox 344 2982 407 3050; x_wconf 74' lang='lat' dir='ltr'>Reg.</span> <span class='ocrx_word' id='word_1_187' title='bbox 419 2982 446 3032; x_wconf 90' lang='lat' dir='ltr'>B.</span> <span class='ocrx_word' id='word_1_188' title='bbox 457 2979 552 3044; x_wconf 79' lang='lat' dir='ltr'>habet,</span> <span class='ocrx_word' id='word_1_189' title='bbox 564 2991 637 3048; x_wconf 81' lang='lat' dir='ltr'>optat</span> <span class='ocrx_word' id='word_1_190' title='bbox 649 2980 718 3031; x_wconf 85' lang='lat' dir='ltr'>voci·</span> <span class='ocrx_word' id='word_1_191' title='bbox 762 2990 828 3038; x_wconf 81' lang='lat' dir='ltr'>tem,</span> <span class='ocrx_word' id='word_1_192' title='bbox 839 2990 867 3028; x_wconf 89' lang='lat' dir='ltr'>ut</span> <span class='ocrx_word' id='word_1_193' title='bbox 878 2989 904 3028; x_wconf 82' lang='lat' dir='ltr'>et</span> <span class='ocrx_word' id='word_1_194' title='bbox 914 2976 1014 3027; x_wconf 85' lang='lat' dir='ltr'>hostes.</span> <span class='ocrx_word' id='word_1_195' title='bbox 1027 2975 1134 3043; x_wconf 70' lang='lat' dir='ltr'>Legitur</span> <span class='ocrx_word' id='word_1_196' title='bbox 1148 2985 1174 3024; x_wconf 88' lang='lat' dir='ltr'>et</span> <span class='ocrx_word' id='word_1_197' title='bbox 1186 2991 1264 3045; x_wconf 66' lang='grc' dir='ltr'><em>(εφη.</em></span> 
     </span>
     <span class='ocr_line' id='line_1_26' title="bbox 212 3054 1266 3131; baseline -0.007 -21"><span class='ocrx_word' id='word_1_198' title='bbox 212 3069 299 3131; x_wconf 82' lang='lat' dir='ltr'>totque</span> <span class='ocrx_word' id='word_1_199' title='bbox 324 3061 449 3120; x_wconf 75' lang='lat' dir='ltr'>Cmonta;</span> <span class='ocrx_word' id='word_1_200' title='bbox 470 3061 534 3129; x_wconf 73' lang='lat' dir='ltr'>Beg.</span> <span class='ocrx_word' id='word_1_201' title='bbox 555 3060 576 3112; x_wconf 90' lang='lat' dir='ltr'>C</span> <span class='ocrx_word' id='word_1_202' title='bbox 598 3073 716 3112; x_wconf 81' lang='lat' dir='ltr'>nostram</span> <span class='ocrx_word' id='word_1_203' title='bbox 797 3055 856 3124; x_wconf 85' lang='lat'>760.</span> <span class='ocrx_word' id='word_1_204' title='bbox 874 3054 969 3105; x_wconf 80' lang='lat' dir='ltr'><em>Audax</em></span> <span class='ocrx_word' id='word_1_205' title='bbox 981 3067 1070 3106; x_wconf 87' lang='lat' dir='ltr'>morte.</span> <span class='ocrx_word' id='word_1_206' title='bbox 1088 3054 1181 3104; x_wconf 80' lang='lat' dir='ltr'>Certus</span> <span class='ocrx_word' id='word_1_207' title='bbox 1194 3054 1266 3104; x_wconf 84' lang='lat' dir='ltr'>exitii</span> 
     </span>
     <span class='ocr_line' id='line_1_27' title="bbox 211 3131 1264 3189; baseline -0.007 -2"><span class='ocrx_word' id='word_1_208' title='bbox 211 3136 272 3189; x_wconf 83' lang='lat' dir='ltr'>lect.</span> <span class='ocrx_word' id='word_1_209' title='bbox 287 3139 334 3189; x_wconf 90' lang='lat' dir='ltr'>En.</span> <span class='ocrx_word' id='word_1_210' title='bbox 761 3136 817 3184; x_wconf 83' lang='lat' dir='ltr'>sine</span> <span class='ocrx_word' id='word_1_211' title='bbox 832 3133 943 3184; x_wconf 84' lang='lat' dir='ltr'>consilio</span> <span class='ocrx_word' id='word_1_212' title='bbox 957 3134 985 3184; x_wconf 82' lang='lat' dir='ltr'>fit</span> <span class='ocrx_word' id='word_1_213' title='bbox 997 3132 1092 3184; x_wconf 74' lang='lat' dir='ltr'>audax.</span> <span class='ocrx_word' id='word_1_214' title='bbox 1105 3135 1162 3184; x_wconf 86' lang='lat' dir='ltr'>Vet.</span> <span class='ocrx_word' id='word_1_215' title='bbox 1176 3131 1264 3183; x_wconf 84' lang='lat' dir='ltr'>Schol.</span> 
     </span>
     <span class='ocr_line' id='line_1_28' title="bbox 248 3212 1266 3288; baseline -0.005 -22"><span class='ocrx_word' id='word_1_216' title='bbox 248 3213 308 3284; x_wconf 81' lang='lat'>756.</span> <span class='ocrx_word' id='word_1_217' title='bbox 325 3216 352 3266; x_wconf 87' lang='lat' dir='ltr'>C.</span> <span class='ocrx_word' id='word_1_218' title='bbox 363 3235 389 3265; x_wconf 82' lang='lat' dir='ltr'>a.</span> <span class='ocrx_word' id='word_1_219' title='bbox 399 3235 421 3266; x_wconf 87' lang='lat' dir='ltr'>c.</span> <span class='ocrx_word' id='word_1_220' title='bbox 432 3228 457 3266; x_wconf 89' lang='lat' dir='ltr'>et</span> <span class='ocrx_word' id='word_1_221' title='bbox 468 3214 563 3267; x_wconf 79' lang='lat' dir='ltr'>Thesea</span> <span class='ocrx_word' id='word_1_222' title='bbox 566 3215 640 3288; x_wconf 80' lang='lat' dir='ltr'>jussi.</span> <span class='ocrx_word' id='word_1_223' title='bbox 650 3216 714 3284; x_wconf 75' lang='lat' dir='ltr'>Reg.</span> <span class='ocrx_word' id='word_1_224' title='bbox 760 3212 802 3265; x_wconf 82' lang='lat' dir='ltr'>ste</span> <span class='ocrx_word' id='word_1_225' title='bbox 814 3212 931 3284; x_wconf 87' lang='lat' dir='ltr'>loquitur</span> <span class='ocrx_word' id='word_1_226' title='bbox 943 3212 987 3264; x_wconf 88' lang='lat' dir='ltr'>lih.</span> <span class='ocrx_word' id='word_1_227' title='bbox 996 3215 1058 3279; x_wconf 81' lang='lat' dir='ltr'>vll,</span> <span class='ocrx_word' id='word_1_228' title='bbox 1069 3232 1107 3264; x_wconf 78' lang='lat' dir='ltr'>rs.</span> <span class='ocrx_word' id='word_1_229' title='bbox 1120 3213 1180 3282; x_wconf 70' lang='lat'><strong>⁴7¹·</strong></span> <span class='ocrx_word' id='word_1_230' title='bbox 1194 3212 1266 3262; x_wconf 93' lang='lat' dir='ltr'>Con-</span> 
     </span>
     <span class='ocr_line' id='line_1_29' title="bbox 210 3289 1267 3364; baseline -0.004 -20"><span class='ocrx_word' id='word_1_231' title='bbox 210 3291 338 3359; x_wconf 70' lang='lat' dir='ltr'>Rhabo,</span> <span class='ocrx_word' id='word_1_232' title='bbox 356 3294 399 3344; x_wconf 81' lang='lat' dir='ltr'>sed</span> <span class='ocrx_word' id='word_1_233' title='bbox 418 3293 513 3344; x_wconf 77' lang='lat' dir='ltr'>I&#39;ltesea</span> <span class='ocrx_word' id='word_1_234' title='bbox 520 3296 595 3364; x_wconf 83' lang='lat' dir='ltr'>jussi.</span> <span class='ocrx_word' id='word_1_235' title='bbox 613 3296 678 3362; x_wconf 80' lang='lat' dir='ltr'>Reg.</span> <span class='ocrx_word' id='word_1_236' title='bbox 695 3294 716 3344; x_wconf 92' lang='lat' dir='ltr'>C</span> <span class='ocrx_word' id='word_1_237' title='bbox 760 3295 869 3344; x_wconf 85' lang='lat' dir='ltr'>trarium</span> <span class='ocrx_word' id='word_1_238' title='bbox 883 3307 922 3344; x_wconf 85' lang='lat' dir='ltr'>est</span> <span class='ocrx_word' id='word_1_239' title='bbox 935 3295 960 3343; x_wconf 92' lang='lat' dir='ltr'>in</span> <span class='ocrx_word' id='word_1_240' title='bbox 973 3291 1018 3343; x_wconf 92' lang='lat' dir='ltr'>illo</span> <span class='ocrx_word' id='word_1_241' title='bbox 1032 3292 1164 3355; x_wconf 72' lang='lat' dir='ltr'>Maronis,</span> <span class='ocrx_word' id='word_1_242' title='bbox 1175 3293 1224 3342; x_wconf 87' lang='lat' dir='ltr'>etsi</span> <span class='ocrx_word' id='word_1_243' title='bbox 1237 3289 1267 3341; x_wconf 92' lang='lat' dir='ltr'>il-</span> 
     </span>
     <span class='ocr_line' id='line_1_30' title="bbox 211 3369 1267 3434; baseline -0.004 -10"><span class='ocrx_word' id='word_1_244' title='bbox 211 3384 339 3424; x_wconf 86' lang='lat' dir='ltr'>nostram.</span> <span class='ocrx_word' id='word_1_245' title='bbox 350 3371 410 3424; x_wconf 83' lang='lat' dir='ltr'>lect.</span> <span class='ocrx_word' id='word_1_246' title='bbox 421 3374 468 3424; x_wconf 89' lang='lat' dir='ltr'>Eo.</span> <span class='ocrx_word' id='word_1_247' title='bbox 476 3403 511 3412; x_wconf 91' lang='lat'><em>-</em></span> <span class='ocrx_word' id='word_1_248' title='bbox 520 3373 638 3425; x_wconf 83' lang='lat' dir='ltr'>Comites.</span> <span class='ocrx_word' id='word_1_249' title='bbox 645 3371 715 3423; x_wconf 85' lang='lat' dir='ltr'>Socii</span> <span class='ocrx_word' id='word_1_250' title='bbox 759 3370 892 3422; x_wconf 87' lang='lat' dir='ltr'>lincistud</span> <span class='ocrx_word' id='word_1_251' title='bbox 900 3371 1015 3422; x_wconf 79' lang='lat' dir='ltr'>calorem</span> <span class='ocrx_word' id='word_1_252' title='bbox 1023 3369 1141 3434; x_wconf 84' lang='lat' dir='ltr'>duxerit,</span> <span class='ocrx_word' id='word_1_253' title='bbox 1151 3369 1184 3421; x_wconf 80' lang='lat' dir='ltr'>tle</span> <span class='ocrx_word' id='word_1_254' title='bbox 1192 3369 1267 3420; x_wconf 86' lang='lat' dir='ltr'>Cleo·</span> 
     </span>
     <span class='ocr_line' id='line_1_31' title="bbox 211 3447 1266 3520; baseline -0.005 -17"><span class='ocrx_word' id='word_1_255' title='bbox 211 3452 341 3504; x_wconf 86' lang='lat' dir='ltr'>Creontis.</span> <span class='ocrx_word' id='word_1_256' title='bbox 759 3462 852 3520; x_wconf 81' lang='lat' dir='ltr'>petra:</span> <span class='ocrx_word' id='word_1_257' title='bbox 868 3451 924 3500; x_wconf 81' lang='lat' dir='ltr'>AEn.</span> <span class='ocrx_word' id='word_1_258' title='bbox 937 3451 1009 3513; x_wconf 85' lang='lat' dir='ltr'>Vlll,</span> <span class='ocrx_word' id='word_1_259' title='bbox 1023 3465 1088 3520; x_wconf 81' lang='lat'><strong>709:</strong></span> <span class='ocrx_word' id='word_1_260' title='bbox 1102 3447 1266 3519; x_wconf 71' lang='lat' dir='ltr'>apellentern</span> 
     </span>
     <span class='ocr_line' id='line_1_32' title="bbox 248 3530 1265 3604; baseline -0.006 -20"><span class='ocrx_word' id='word_1_261' title='bbox 248 3531 308 3600; x_wconf 84' lang='lat'>757.</span> <span class='ocrx_word' id='word_1_262' title='bbox 333 3531 504 3604; x_wconf 76' lang='lat' dir='ltr'>Linquebant.</span> <span class='ocrx_word' id='word_1_263' title='bbox 531 3530 653 3582; x_wconf 74' lang='lat' dir='ltr'>Boethius</span> <span class='ocrx_word' id='word_1_264' title='bbox 682 3549 714 3582; x_wconf 77' lang='lat' dir='ltr'>ex</span> <span class='ocrx_word' id='word_1_265' title='bbox 760 3544 844 3582; x_wconf 84' lang='lat' dir='ltr'>morte</span> <span class='ocrx_word' id='word_1_266' title='bbox 867 3531 958 3580; x_wconf 86' lang='lat' dir='ltr'>futura</span> <span class='ocrx_word' id='word_1_267' title='bbox 980 3532 1090 3581; x_wconf 81' lang='lat' dir='ltr'>Fecerat</span> <span class='ocrx_word' id='word_1_268' title='bbox 1115 3530 1265 3598; x_wconf 80' lang='lat' dir='ltr'>ignipotens</span> 
     </span>
     <span class='ocr_line' id='line_1_33' title="bbox 212 3609 1266 3682; baseline -0.002 -22"><span class='ocrx_word' id='word_1_269' title='bbox 212 3612 319 3680; x_wconf 86' lang='lat' dir='ltr'>optimis</span> <span class='ocrx_word' id='word_1_270' title='bbox 330 3610 490 3663; x_wconf 82' lang='lat' dir='ltr'>membranis</span> <span class='ocrx_word' id='word_1_271' title='bbox 499 3609 572 3680; x_wconf 74' lang='lat' dir='ltr'>legit,</span> <span class='ocrx_word' id='word_1_272' title='bbox 582 3620 607 3661; x_wconf 86' lang='lat' dir='ltr'>et</span> <span class='ocrx_word' id='word_1_273' title='bbox 618 3610 715 3661; x_wconf 71' lang='lat' dir='ltr'>Thesea</span> <span class='ocrx_word' id='word_1_274' title='bbox 759 3614 843 3664; x_wconf 80' lang='lat' dir='ltr'>ventis</span> <span class='ocrx_word' id='word_1_275' title='bbox 862 3625 888 3663; x_wconf 89' lang='lat' dir='ltr'>et</span> <span class='ocrx_word' id='word_1_276' title='bbox 908 3613 1005 3682; x_wconf 68' lang='lat' dir='ltr'>Iapyge</span> <span class='ocrx_word' id='word_1_277' title='bbox 1024 3611 1115 3662; x_wconf 70' lang='lat' dir='ltr'>terri.»</span> <span class='ocrx_word' id='word_1_278' title='bbox 1136 3612 1193 3660; x_wconf 88' lang='lat' dir='ltr'>Hoc</span> <span class='ocrx_word' id='word_1_279' title='bbox 1213 3622 1266 3676; x_wconf 82' lang='lat' dir='ltr'>est,</span> 
     </span>
     <span class='ocr_line' id='line_1_34' title="bbox 203 3688 1266 3763; baseline -0.002 -23"><span class='ocrx_word' id='word_1_280' title='bbox 203 3691 271 3760; x_wconf 78' lang='lat' dir='ltr'>jussi</span> <span class='ocrx_word' id='word_1_281' title='bbox 284 3689 444 3741; x_wconf 69' lang='lat' dir='ltr'>Destituant.</span> <span class='ocrx_word' id='word_1_282' title='bbox 764 3692 880 3763; x_wconf 72' lang='lat' dir='ltr'>nlapyge</span> <span class='ocrx_word' id='word_1_283' title='bbox 900 3688 1031 3761; x_wconf 62' lang='lat' dir='ltr'>quidem</span> <span class='ocrx_word' id='word_1_284' title='bbox 1042 3689 1089 3741; x_wconf 86' lang='lat' dir='ltr'>sed</span> <span class='ocrx_word' id='word_1_285' title='bbox 1109 3690 1192 3740; x_wconf 82' lang='lat' dir='ltr'>ventis</span> <span class='ocrx_word' id='word_1_286' title='bbox 1208 3689 1266 3740; x_wconf 80' lang='lat' dir='ltr'>aliis</span> 
     </span>
     <span class='ocr_line' id='line_1_35' title="bbox 249 3767 1265 3839; baseline -0.002 -18"><span class='ocrx_word' id='word_1_287' title='bbox 249 3767 310 3836; x_wconf 81' lang='lat'>758.</span> <span class='ocrx_word' id='word_1_288' title='bbox 328 3767 381 3819; x_wconf 86' lang='lat' dir='ltr'>Ille</span> <span class='ocrx_word' id='word_1_289' title='bbox 391 3779 472 3834; x_wconf 82' lang='lat' dir='ltr'>tenet,</span> <span class='ocrx_word' id='word_1_290' title='bbox 481 3779 633 3839; x_wconf 84' lang='lat' dir='ltr'>revocetque</span> <span class='ocrx_word' id='word_1_291' title='bbox 641 3782 715 3820; x_wconf 81' lang='lat' dir='ltr'>suot:</span> <span class='ocrx_word' id='word_1_292' title='bbox 760 3770 950 3834; x_wconf 84' lang='lat' dir='ltr'>interturbato,</span> <span class='ocrx_word' id='word_1_293' title='bbox 961 3793 972 3816; x_wconf 70' lang='lat' dir='ltr'>n</span> <span class='ocrx_word' id='word_1_294' title='bbox 983 3768 1167 3821; x_wconf 88' lang='lat' dir='ltr'>secundumV.</span> <span class='ocrx_word' id='word_1_295' title='bbox 1177 3768 1265 3820; x_wconf 89' lang='lat' dir='ltr'>Schol.</span> 
     </span>
     <span class='ocr_line' id='line_1_36' title="bbox 213 3846 1088 3920; baseline -0.002 -20"><span class='ocrx_word' id='word_1_296' title='bbox 213 3860 292 3920; x_wconf 82' lang='lat' dir='ltr'>utque</span> <span class='ocrx_word' id='word_1_297' title='bbox 301 3867 376 3920; x_wconf 80' lang='lat' dir='ltr'>teque</span> <span class='ocrx_word' id='word_1_298' title='bbox 387 3849 494 3902; x_wconf 80' lang='lat' dir='ltr'>notavit.</span> <span class='ocrx_word' id='word_1_299' title='bbox 504 3846 557 3900; x_wconf 85' lang='lat' dir='ltr'>Ille</span> <span class='ocrx_word' id='word_1_300' title='bbox 569 3859 637 3899; x_wconf 83' lang='lat' dir='ltr'>tenet</span> <span class='ocrx_word' id='word_1_301' title='bbox 649 3849 716 3918; x_wconf 88' lang='lat' dir='ltr'>opti·</span> <span class='ocrx_word' id='word_1_302' title='bbox 762 3849 971 3920; x_wconf 83' lang='lat' dir='ltr'>explicationem.</span> <span class='ocrx_word' id='word_1_303' title='bbox 990 3850 1088 3900; x_wconf 75' lang='lat' dir='ltr'>Beurn.</span> 
     </span>
     <span class='ocr_line' id='line_1_37' title="bbox 212 3927 1268 3999; baseline -0.002 -21"><span class='ocrx_word' id='word_1_304' title='bbox 212 3946 260 3979; x_wconf 83' lang='lat' dir='ltr'>mae</span> <span class='ocrx_word' id='word_1_305' title='bbox 272 3928 554 3995; x_wconf 62' lang='lat' dir='ltr'>monumemtum,</span> <span class='ocrx_word' id='word_1_306' title='bbox 567 3931 623 3994; x_wconf 85' lang='lat' dir='ltr'>Put.</span> <span class='ocrx_word' id='word_1_307' title='bbox 635 3941 661 3980; x_wconf 91' lang='lat' dir='ltr'>et</span> <span class='ocrx_word' id='word_1_308' title='bbox 671 3930 716 3980; x_wconf 88' lang='lat' dir='ltr'>Be·</span> <span class='ocrx_word' id='word_1_309' title='bbox 798 3930 858 3998; x_wconf 81' lang='lat'>761.</span> <span class='ocrx_word' id='word_1_310' title='bbox 878 3927 1010 3998; x_wconf 68' lang='lat' dir='ltr'>Peltiferis</span> <span class='ocrx_word' id='word_1_311' title='bbox 1017 3927 1120 3999; x_wconf 80' lang='lat' dir='ltr'>puellis.</span> <span class='ocrx_word' id='word_1_312' title='bbox 1131 3927 1268 3978; x_wconf 78' lang='lat' dir='ltr'>Arnazoni-</span> 
     </span>
     <span class='ocr_line' id='line_1_38' title="bbox 211 4004 1134 4081; baseline -0.001 -24"><span class='ocrx_word' id='word_1_313' title='bbox 211 4004 268 4058; x_wconf 83' lang='lat' dir='ltr'>lrot.</span> <span class='ocrx_word' id='word_1_314' title='bbox 288 4025 310 4073; x_wconf 85' lang='lat' dir='ltr'>r,</span> <span class='ocrx_word' id='word_1_315' title='bbox 325 4008 378 4060; x_wconf 83' lang='lat' dir='ltr'>Ille</span> <span class='ocrx_word' id='word_1_316' title='bbox 396 4009 468 4060; x_wconf 86' lang='lat' dir='ltr'>timet</span> <span class='ocrx_word' id='word_1_317' title='bbox 483 4008 575 4059; x_wconf 87' lang='lat' dir='ltr'>Behot.</span> <span class='ocrx_word' id='word_1_318' title='bbox 595 4026 623 4073; x_wconf 78' lang='lat'>2,</span> <span class='ocrx_word' id='word_1_319' title='bbox 641 4025 664 4058; x_wconf 79' lang='lat' dir='ltr'>a.</span> <span class='ocrx_word' id='word_1_320' title='bbox 679 4025 715 4057; x_wconf 89' lang='lat' dir='ltr'>m.</span> <span class='ocrx_word' id='word_1_321' title='bbox 762 4009 827 4074; x_wconf 81' lang='lat' dir='ltr'>bus,</span> <span class='ocrx_word' id='word_1_322' title='bbox 839 4029 896 4081; x_wconf 82' lang='lat' dir='ltr'>qure</span> <span class='ocrx_word' id='word_1_323' title='bbox 911 4008 994 4080; x_wconf 83' lang='lat' dir='ltr'>peltes</span> <span class='ocrx_word' id='word_1_324' title='bbox 1006 4007 1134 4059; x_wconf 80' lang='lat' dir='ltr'>ferebant.</span> 
     </span>
     <span class='ocr_line' id='line_1_39' title="bbox 212 4083 1268 4160; baseline -0.004 -22"><span class='ocrx_word' id='word_1_325' title='bbox 212 4105 264 4139; x_wconf 83' lang='lat' dir='ltr'>see.</span> <span class='ocrx_word' id='word_1_326' title='bbox 279 4101 304 4139; x_wconf 87' lang='lat' dir='ltr'>et</span> <span class='ocrx_word' id='word_1_327' title='bbox 316 4090 403 4141; x_wconf 74' lang='lat' dir='ltr'>ceteri</span> <span class='ocrx_word' id='word_1_328' title='bbox 417 4089 495 4140; x_wconf 88' lang='lat' dir='ltr'>codd.</span> <span class='ocrx_word' id='word_1_329' title='bbox 509 4107 569 4140; x_wconf 86' lang='lat' dir='ltr'>curn</span> <span class='ocrx_word' id='word_1_330' title='bbox 582 4087 654 4140; x_wconf 83' lang='lat' dir='ltr'>libris</span> <span class='ocrx_word' id='word_1_331' title='bbox 667 4089 718 4138; x_wconf 88' lang='lat' dir='ltr'>im·</span> <span class='ocrx_word' id='word_1_332' title='bbox 799 4089 858 4158; x_wconf 82' lang='lat'>763.</span> <span class='ocrx_word' id='word_1_333' title='bbox 879 4091 911 4140; x_wconf 88' lang='lat' dir='ltr'>P.</span> <span class='ocrx_word' id='word_1_334' title='bbox 930 4108 956 4140; x_wconf 82' lang='lat' dir='ltr'>n.</span> <span class='ocrx_word' id='word_1_335' title='bbox 974 4107 1009 4138; x_wconf 90' lang='lat' dir='ltr'>m.</span> <span class='ocrx_word' id='word_1_336' title='bbox 1024 4107 1049 4160; x_wconf 86' lang='lat' dir='ltr'>q.</span> <span class='ocrx_word' id='word_1_337' title='bbox 1065 4088 1095 4138; x_wconf 87' lang='lat' dir='ltr'>T.</span> <span class='ocrx_word' id='word_1_338' title='bbox 1112 4085 1209 4158; x_wconf 81' lang='lat' dir='ltr'>quique</span> <span class='ocrx_word' id='word_1_339' title='bbox 1219 4083 1268 4154; x_wconf 84' lang='lat' dir='ltr'>fn·</span> 
     </span>
     <span class='ocr_line' id='line_1_40' title="bbox 213 4164 1267 4242; baseline -0.008 -21"><span class='ocrx_word' id='word_1_340' title='bbox 213 4169 517 4240; x_wconf 76' lang='lat' dir='ltr'>pressis,·loscitahaec</span> <span class='ocrx_word' id='word_1_341' title='bbox 528 4172 717 4242; x_wconf 80' lang='lat' dir='ltr'>scriptumest,</span> <span class='ocrx_word' id='word_1_342' title='bbox 763 4181 868 4222; x_wconf 84' lang='lat' dir='ltr'>rentem.</span> <span class='ocrx_word' id='word_1_343' title='bbox 883 4169 975 4222; x_wconf 89' lang='lat' dir='ltr'>Behot.</span> <span class='ocrx_word' id='word_1_344' title='bbox 991 4186 1020 4233; x_wconf 70' lang='grc' dir='ltr'>α,</span> <span class='ocrx_word' id='word_1_345' title='bbox 1033 4165 1130 4239; x_wconf 84' lang='lat' dir='ltr'>quique</span> <span class='ocrx_word' id='word_1_346' title='bbox 1140 4164 1267 4236; x_wconf 81' lang='lat' dir='ltr'>furente,-</span> 
     </span>
     <span class='ocr_line' id='line_1_41' title="bbox 213 4245 1266 4322; baseline -0.006 -23"><span class='ocrx_word' id='word_1_347' title='bbox 213 4249 407 4322; x_wconf 77' lang='lat' dir='ltr'>praeillaquarn</span> <span class='ocrx_word' id='word_1_348' title='bbox 417 4250 515 4304; x_wconf 79' lang='lat' dir='ltr'>hebent</span> <span class='ocrx_word' id='word_1_349' title='bbox 526 4252 631 4322; x_wconf 74' lang='lat' dir='ltr'>optime</span> <span class='ocrx_word' id='word_1_350' title='bbox 640 4267 718 4302; x_wconf 89' lang='lat' dir='ltr'>mem·</span> <span class='ocrx_word' id='word_1_351' title='bbox 763 4247 808 4301; x_wconf 87' lang='lat' dir='ltr'>sed</span> <span class='ocrx_word' id='word_1_352' title='bbox 823 4249 855 4300; x_wconf 79' lang='lat' dir='ltr'>ab</span> <span class='ocrx_word' id='word_1_353' title='bbox 873 4247 925 4299; x_wconf 81' lang='lat' dir='ltr'>elia</span> <span class='ocrx_word' id='word_1_354' title='bbox 942 4266 1022 4300; x_wconf 83' lang='lat' dir='ltr'>manu</span> <span class='ocrx_word' id='word_1_355' title='bbox 1037 4259 1193 4298; x_wconf 83' lang='lat' dir='ltr'>correctum.</span> <span class='ocrx_word' id='word_1_356' title='bbox 1206 4245 1266 4294; x_wconf 78' lang='lat' dir='ltr'>Haec</span> 
     </span>
    </p>
   </div>
   <div class='ocr_carea' id='block_1_4' title="bbox 0 0 1636 5160">
    <p class='ocr_par' dir='ltr' id='par_1_4' title="bbox 0 0 1636 5160">
     <span class='ocr_line' id='line_1_42' title="bbox 0 0 1636 5160; baseline 0 0"><span class='ocrx_word' id='word_1_357' title='bbox 0 0 1636 5160; x_wconf 95' lang='lat' dir='ltr'> </span> 
     </span>
    </p>
   </div>
  </div>
 </body>
</html>
