3256 5160
641 535 784 599 arana
808 535 835 600 1.
920 571 921 576 a
1200 518 1266 627 tet

258 665 427 759 Adspicis,
439 665 475 731 in
489 660 606 757 quales
618 661 783 728 miserum
794 658 994 752 patefeceris
1006 685 1089 732 usus

257 779 405 872 AEquor?
416 779 508 843 Eunt
518 775 600 842 tutis
616 789 784 841 terrarum
797 773 940 838 crimina
952 770 1053 856 velis,

255 891 306 954 Ex
318 911 387 984 quo
395 885 474 982 jura
485 886 563 954 freti
575 882 859 980 majestatemque
870 899 1044 976 repostam

256 1003 359 1092 Rupit
369 1002 501 1068 Iasonia
513 1000 637 1092 puppis
650 1003 808 1089 Pagasaea
821 997 951 1089 rapina.
1229 1007 1264 1063 65

255 1115 308 1179 En
319 1111 412 1180 aliud
423 1112 515 1179 furto
527 1109 650 1192 scelus,
665 1125 698 1176 et
710 1105 819 1201 spolia
832 1106 967 1201 hospita
978 1123 1118 1201 portans

255 1224 396 1312 Navigat
407 1218 541 1314 injustae
553 1221 752 1289 temerarius
765 1217 891 1286 arbiter
903 1215 987 1300 Ida,

254 1328 352 1398 Eheu
364 1355 450 1424 quos
464 1334 610 1424 gemitus
622 1329 722 1398 terris
737 1325 927 1422 pelagoque
938 1325 1098 1395 daturus!

254 1444 346 1528 Quos
359 1441 456 1510 mihi!
472 1445 520 1510 sio
531 1441 686 1536 Pbrygiae
698 1460 882 1535 pensamus
894 1439 1034 1532 praemia
1045 1437 1179 1531 palma.

205 1673 296 1725 petav,
307 1677 371 1728 cm
383 1675 471 1729 Thetis
480 1678 538 1728 Pur,
546 1676 651 1749 genitor
659 1693 711 1728 m·
756 1682 819 1743 ptus
831 1669 919 1722 iuerat
927 1670 1034 1722 Paritin
1043 1669 1125 1723 domo
1136 1663 1261 1724 Menelai.

205 1765 296 1826 torque
309 1756 437 1826 profitendi
449 1759 512 1808 Eae.
525 1759 604 1827 Bnrg.
620 1769 645 1810 et
662 1774 710 1808 eo·
792 1757 835 1827 67.
858 1758 966 1830 Iajustoe
984 1755 1047 1810 Idoe.
1069 1757 1100 1808 ln
1119 1757 1172 1811 boo
1193 1761 1264 1812 enim

205 1831 256 1882 dex
273 1836 424 1888 Vossianus.
443 1837 571 1887 -Hanc
590 1835 711 1887 ultimam
755 1834 872 1908 Pbrygiae
890 1850 979 1888 monte
993 1835 1088 1888 sedens
1106 1839 1178 1890 Paris
1193 1841 1263 1892 Deae

203 1909 346 1964 lectionem
355 1913 455 1966 babent
467 1917 545 1985 Regg.
556 1917 575 1966 Β
585 1927 611 1967 et
621 1917 651 1968 C.
663 1915 709 1965 En.
752 1916 926 1986 judicaverat.
940 1918 1046 1989 Injustae
1062 1936 1138 1985 vero,
1154 1918 1263 1986 odioso,

203 2018 239 2027 —
250 1991 347 2045 Thetis.
359 1994 445 2044 Mater
454 1993 573 2045 Achillis.
585 2022 618 2034 -
631 1995 711 2046 Gem'·
757 1996 818 2065 quia
831 2015 862 2047 ex
877 1994 929 2047 boe
939 1994 1057 2067 judicio,
1070 2009 1195 2069 tauquam
1208 2000 1264 2068 pri·

204 2081 293 2144 torque
303 2074 439 2146 profundi.
453 2077 621 2146 ExNeptuno
631 2061 709 2142 euiin,
755 2091 798 2125 ma
809 2091 887 2126 causa
898 2073 962 2125 belli
971 2075 1040 2124 inter
1049 2073 1154 2126 Graecos
1164 2088 1190 2125 et
1199 2074 1265 2126 Tro·

203 2149 257 2201 sive
270 2155 333 2204 mari
346 2171 437 2206 omnes
447 2155 533 2206 fontes
543 2154 668 2224 fluviique
678 2171 709 2205 ae
752 2150 845 2220 janos,
856 2149 905 2202 sibi
916 2163 1028 2202 mortem
1039 2149 1085 2201 titii
1095 2149 1217 2223 portendi
1226 2153 1263 2204 vi-

203 2245 277 2300 nqme
290 2233 419 2285 oriuntur.
755 2227 844 2279 debat.
855 2228 1011 2280 -Arln'tea
1025 2230 1129 2280 Arbiter
1136 2231 1158 2281 is
1169 2226 1261 2301 appel·

238 2315 281 2367 62.
305 2319 338 2369 1η
357 2318 448 2391 quales
466 2337 530 2372 um,
552 2319 658 2371 scilicet
675 2318 709 2372 ,d
754 2303 833 2373 latur,
846 2308 892 2378 qui
905 2325 920 2358 a
931 2305 1095 2378 litigantibus
1106 2307 1157 2360 litis
1170 2310 1263 2378 cogni-

201 2395 272 2448 furta
284 2411 310 2450 et
320 2399 428 2451 seelera.
754 2401 797 2438 tor
810 2390 962 2440 assumitur.
978 2386 1062 2458 Supra
1084 2403 1172 2441 autem
1193 2389 1262 2442 dixi·

237 2485 285 2553 64,
300 2486 343 2540 55,
363 2490 468 2561 Exquo
479 2487 708 2564 jurafhgmaj,
753 2485 811 2519 mua
832 2481 885 2519 tres
906 2469 975 2519 Deae
999 2466 1033 2561 de
1054 2467 1126 2561 malo
1145 2471 1216 2562 inter
1233 2489 1261 2562 ae

200 2577 344 2640 etatemque
357 2578 484 2640 repostam
497 2569 580 2639 Rupit
599 2570 706 2622 lami,
752 2547 945 2600 contendentes
963 2545 997 2599 nd
1014 2545 1142 2620 judaerum
1157 2548 1260 2602 Parrdts

197 2648 293 2716 puppis
318 2649 441 2720 Pagasaea
467 2648 568 2718 rapina.
595 2647 708 2702 comm
752 2644 809 2680 este
824 2630 927 2680 missas.

199 2726 282 2791 enim,
296 2739 362 2779 teate
373 2726 471 2791 Plinio,
483 2726 562 2798 longa
573 2731 706 2800 navepri.
786 2715 831 2768 68.
853 2715 945 2766 Terris.
965 2712 995 2765 ld
1012 2727 1064 2779 eat,
1084 2713 1259 2782 mortalibus,

199 2819 272 2854 mum
303 2806 428 2858 Jasonem
458 2809 604 2877 navigasse.
634 2809 705 2860 Nota
750 2793 821 2846 ⁰2(st
839 2796 1114 2866 P¹⁰P¹¹¹q¹¹⁰¹¹¹¹¹¹···
1130 2794 1259 2848 0610·Ῑᾶ

199 2883 279 2933 etiam
287 2884 377 2936 Fabula
386 2885 559 2957 expeditionis
567 2887 704 2958 Argonau-
749 2885 802 2938 ⁰⁸¹2
821 2874 892 2939 ΜΒ,
905 2871 975 2925 caedfl
989 2886 1126 2936 ¹¹²¹0f¹¹¹¹¹2
1140 2885 1170 2924 ¹¹¹
1183 2876 1258 2942 Μὶν

197 2973 284 3012 aarum
297 2963 324 3014 in
334 2963 667 3030 0010h0„v1d0'1·heh,v‚
678 2985 702 3018 v,
749 2953 903 3024 Sarpedone
922 2952 976 3004 filio
998 2955 1106 3017 occiso,
1127 2955 1257 3022 Aurorae,

198 3039 261 3106 4⁰3·
280 3041 413 3094 valesium
436 3043 560 3096 Flaccum
569 3082 576 3106 ‚
596 3058 622 3096 et
640 3047 704 3098 ovi..
748 3034 892 3086 Memnone
907 3031 977 3100 lilio,
992 3035 1084 3102 Marti,
1098 3033 1188 3106 Cycno
1203 3037 1256 3089 filio

197 3116 281 3173 dium.
290 3122 341 3173 Pro
351 3134 491 3194 repostam,
504 3122 549 3175 alii
560 3123 652 3194 legunt
665 3143 705 3175 ve·
747 3116 881 3184 peremis·

196 3199 320 3266 rendam,
334 3204 703 3274 utrumquebonum.-1a·
784 3203 826 3274 69.
848 3205 879 3275 Q.
899 3222 935 3256 m.
952 3221 972 3256 s.
990 3203 1023 3255 P.
1033 3221 1174 3277 pensam
1188 3224 1256 3280 proe-

195 3279 271 3330 sonia
291 3279 393 3351 rapina.
416 3281 541 3353 intelligit
561 3281 701 3350 Medeam,
747 3283 801 3334 mio
819 3282 925 3355 polmoe.
946 3284 1010 3354 Reg.
1028 3285 1048 3334 B
1067 3298 1091 3336 et
1107 3285 1128 3336 C
1143 3285 1255 3352 babent,

196 3375 276 3428 qnam
289 3360 478 3430 rapuitlason.
744 3380 883 3434 pensamus
904 3361 1004 3434 gaudia
1027 3362 1134 3434 palmae.
1154 3366 1200 3416 En.
1218 3395 1256 3406 —

231 3440 274 3493 65.
289 3442 390 3516 Puppis
399 3444 532 3515 Paqmoea.
543 3443 648 3496 tasonis
657 3463 702 3496 na·
748 3441 817 3510 Quos
830 3440 905 3504 mihi.
923 3439 1086 3493 Praevidebat
1103 3444 1173 3494 enim
1189 3463 1256 3498 mor·

193 3521 232 3571 vit
252 3517 287 3572 ad
304 3522 417 3590 Pagasas
437 3521 575 3575 fabricata.
597 3525 700 3593 Pagasae
746 3533 800 3572 tem
816 3519 926 3572 Achillis
944 3522 970 3572 in
989 3519 1042 3572 boe
1061 3520 1141 3574 bello.
1160 3551 1196 3564 -
1212 3524 1255 3576 Sit:

194 3611 283 3650 autem
296 3601 388 3652 civitas
401 3601 451 3652 luit
461 3600 616 3667 Thessaliae,
632 3601 701 3654 Phe·
744 3600 869 3672 Phayqioe
875 3618 1014 3672 pensamus
1021 3603 1130 3672 proemio
1140 3602 1253 3673 polmoe,

194 3695 282 3730 rarum
295 3681 458 3750 emporium,
471 3699 487 3731 a
500 3679 598 3751 quibus
611 3698 700 3734 nona·
745 3691 796 3730 eto.
810 3677 947 3732 ¹invidiose
968 3679 995 3730 in
1011 3679 1153 3746 Venerem,
1173 3700 1253 3752 quarn

195 3757 268 3826 ginta
285 3756 365 3808 distat
383 3757 487 3824 stadiis,
502 3758 536 3810 ab
548 3758 622 3811 loleo
635 3778 699 3812 vero
744 3761 842 3831 ingrati
859 3761 940 3812 animi
951 3773 1177 3834 aecusat,qunm,
1190 3777 1251 3816 nata

192 3835 293 3904 viginti.
313 3839 466 3889 Marnntar.
744 3852 771 3890 et
784 3839 897 3892 educma
914 3841 941 3892 in
961 3841 1044 3904 mari,
1058 3858 1113 3892 non
1129 3839 1252 3894 habuerit

228 3923 272 3975 66,
293 3927 334 3975 En
347 3925 507 3996 flumme„
520 3925 610 3980 melu„
626 3927 698 3980 sicut
741 3921 871 3972 rationem
891 3919 983 3972 salutis
1001 3919 1112 3973 Achillis
1131 3920 1250 3974 Thetidis

192 4003 274 4055 Jason
295 4007 384 4073 rapuit
403 4003 540 4072 Medeam,
560 4006 698 4079 vellusque
743 4000 803 4068 filii,
824 4003 868 4074 qui
888 4004 914 4052 in
930 4001 1000 4053 bello
1017 4003 1134 4073 Trojano
1149 4005 1250 4074 peritu-

193 4098 316 4146 aureum,
333 4082 370 4131 sio
385 4083 454 4135 Paris
467 4084 592 4135 Helenam
608 4099 633 4136 et
648 4085 697 4136 bo·
742 4101 787 4135 rut
800 4086 841 4136 sit.
851 4113 886 4124 -
896 4083 1019 4156 Phrygia
1030 4081 1136 4154 palmoe.
1152 4083 1181 4136 ld
1195 4099 1248 4150 est,

192 4177 226 4210 na
244 4160 356 4212 Menelai
375 4161 697 4236 abstulit—Spolialto·
742 4167 872 4234 victoriae,
892 4183 972 4235 qrram
995 4167 1139 4237 reportavit
1158 4169 1248 4220 Venus

191 4240 258 4309 spito
277 4254 393 4310 portans.
405 4241 474 4308 Quia
492 4241 609 4315 hospitio
623 4263 696 4297 reae·
738 4243 827 4314 judice
840 4242 942 4296 Paride.
