3194 5156
360 507 425 595 ⁵74
561 506 597 570 r.
621 507 657 568 P.
684 502 839 570 111111
864 499 1191 570 Acn1nnn1nos

456 629 517 698 lile
531 625 668 725 quidem
679 628 813 720 incepto
827 623 981 718 paullum
992 648 1034 692 ex
1046 647 1201 695 sermone
1212 631 1359 712 remisit,

404 749 515 814 Pauca
525 737 815 833 tumenjungens:
834 743 902 805 «At
912 751 947 804 tu
959 735 1162 832 tranquillus
1173 740 1208 806 in
1219 737 1286 808 alta

404 859 488 922 Pace
499 875 614 934 mane,
627 853 781 945 carisque
793 871 875 941 paru
886 843 1055 915 connubia
1067 850 1172 931 natis,

404 969 496 1051 Quas
508 961 569 1028 tibi
580 960 719 1030 sidereis
731 961 893 1027 Divarum
905 955 1054 1025 vultibus
1064 981 1178 1053 aequus
1364 971 1417 1026 135

405 1077 482 1142 Sors
494 1069 606 1140 dedit:
621 1087 660 1139 ut
670 1093 725 1138 me
737 1069 817 1138 olim
833 1071 969 1136 tacitum
982 1073 1167 1136 reverentia
1178 1073 1299 1163 tangit!

407 1190 438 1253 is
450 1185 552 1253 decor
562 1199 627 1265 est,
639 1182 757 1250 fortnae
769 1183 895 1275 species
908 1182 1074 1274 permixta
1087 1181 1184 1249 virili.
1198 1213 1211 1242 ι.

453 1297 608 1366 Occurrit
618 1296 768 1387 genitor:
788 1323 801 1352 ιι
812 1290 902 1377 Quid
914 1293 941 1358 si
955 1290 1113 1358 Bacchaea
1126 1291 1272 1361 ferentes

405 1409 521 1500 Orgia,
535 1403 698 1474 Palladias
711 1421 771 1472 aut
781 1407 908 1472 circum
920 1402 1043 1471 videris
1051 1410 1155 1496 ‘crasi

406 1522 452 1594 Et¹
459 1517 632 1598 dabimus,
648 1519 676 1583 si
690 1516 775 1583 forte
788 1539 894 1583 novus
907 1515 1119 1583 cunctabitur
1131 1520 1288 1585 Auster.»
1361 1529 1414 1596 140

406 1632 583 1722 Excipiunt
594 1626 723 1722 cupidi,
737 1645 770 1695 et
781 1629 888 1695 tacitis
904 1649 981 1720 spes
992 1625 1105 1695 addita
1117 1631 1215 1695 votis.

453 1747 580 1810 Caetera
594 1740 754 1834 depositis
765 1738 965 1834 Lycomedis
981 1743 1070 1832 regia
1083 1743 1172 1809 curis

394 1965 451 2019 131.
459 1961 621 2038 illequidem
630 1964 732 2035 incepto
738 1962 862 2035 paullum
909 1964 984 2035 qnasi
994 1961 1068 2015 malis
1084 1961 1165 2016 animi
1183 1960 1276 2016 studiis
1293 1959 1415 2014 virilibus

359 2062 392 2095 ex
411 2060 528 2096 semmae
548 2042 653 2094 remisit.
672 2043 735 2112 licg.
757 2043 790 2106 B,
811 2040 864 2093 Ille
908 2055 992 2112 aptio,
1005 2039 1417 2113 tanquamaliquidririlesape-

360 2142 462 2197 quoque
474 2123 575 2193 incepto
584 2118 694 2194 paulum
709 2141 740 2173 ex
748 2141 864 2175 mone
907 2135 977 2188 rent,
985 2121 1057 2192 quod
1067 2123 1198 2193 precipue
1206 2136 1318 2193 propter
1324 2120 1418 2173 Achil·

360 2202 468 2254 remittit
483 2200 597 2273 praeben
616 2201 680 2272 Reg.
698 2201 734 2266 C,
750 2200 863 2275 paulum
907 2200 960 2254 lem
972 2202 1044 2254 dicit.
1059 2203 1214 2254 1111111111.

359 2297 476 2334 temone
493 2279 609 2331 remittit.
634 2279 681 2330 En.
697 2309 734 2319 -
755 2280 863 2352 incepto
947 2279 1003 2334 138.
1027 2280 1153 2333 Occurrit.
1168 2281 1295 2333 Sermone
1307 2277 1416 2330 obviarn

360 2377 484 2412 nemone.
495 2359 534 2410 De
545 2369 634 2428 coepto
645 2375 765 2409 sermone
775 2359 864 2409 remit·
907 2357 1038 2432 procedit.
1046 2389 1080 2400 -
1090 2358 1168 2430 Quid.
1182 2358 1284 2411 Scilicet
1292 2357 1418 2411 diceres?

291 2486 294 2498 ,
360 2439 407 2504 tit,
426 2455 480 2488 non
499 2447 586 2486 autent
603 2451 750 2486 sermonem
773 2437 864 2486 remit·
908 2451 934 2490 et
955 2451 994 2490 est
1010 2437 1094 2508 figura
1115 2455 1171 2508 quai
1188 2436 1284 2490 dicitur
1302 2435 1368 2488 miti
1385 2437 1417 2488 ord

360 2518 407 2578 tit;
424 2533 485 2567 nam
502 2515 680 2586 prosequitur,
693 2504 743 2564 ¹sed
759 2530 812 2564 uon
830 2511 863 2564 cd
908 2515 1072 2581 mendacior:
1090 2535 1137 2587 per
1152 2514 1283 2569 silentium
1302 2529 1329 2568 ct
1345 2517 1416 2568 taci-

361 2607 477 2666 coeptum
488 2593 665 2665 propositum,
679 2591 725 2644 sed
736 2591 768 2642 ad
779 2589 862 2658 aliud,
908 2597 1059 2646 turnitatetu
1077 2593 1176 2668 aliquid
1189 2593 1301 2660 dicitur,
1316 2594 1359 2647 vel
1373 2596 1416 2646 in·

362 2687 466 2741 umen,
484 2692 517 2725 ne
532 2672 664 2724 videretur
678 2671 862 2722 tantummodo
908 2677 1014 2728 nuitur:
1029 2673 1145 2738 emeda,
1167 2677 1264 2738 omrai,
1286 2687 1357 2729 taceo
1376 2679 1417 2729 si·

359 2767 482 2825 respectu
490 2752 601 2805 filiarum
610 2749 693 2823 loqui,
701 2748 864 2803 sibisrecen·
906 2756 1028 2826 gnificat,
1046 2755 1118 2808 unde
1131 2755 1301 2827 participium
1318 2773 1334 2806 a
1348 2773 1418 2826 pas-

361 2831 485 2886 dentibns
504 2831 582 2884 finem
601 2828 727 2904 loquendi
749 2830 861 2882 fecisset.
907 2837 978 2902 sivo,
997 2837 1216 2889 010‚Mnnnin1·.
1233 2835 1418 2888 ..Bacchica

400 2912 458 2965 133.
473 2913 505 2964 P.
522 2913 572 2981 ej.
584 2911 620 2962 At
630 2909 826 2981 intranquillus
836 2910 862 2960 itt
902 2915 1019 2985 ferentes
1037 2915 1124 2990 Orpia.
1140 2918 1188 2966 Per
1200 2915 1326 2966 Bacchica
1338 2916 1417 2986 orqia

360 2991 425 3045 alta.
440 2994 497 3044 Put.
512 2991 580 3044 aito
596 2989 765 3063 tranquillus.
783 2990 865 3042 —At
908 2993 1029 3064 intelligit
1048 2994 1162 3065 plurima
1180 2995 1206 3045 in
1224 2995 1303 3064 orgiis
1313 2996 1417 3066 gestari

361 3084 389 3125 tn
405 3071 571 3144 tranquillus.
591 3071 652 3122 Non
668 3070 729 3122 ideo
741 3069 796 3122 hoec
810 3069 864 3122 dni
907 3072 1000 3139 solita,
1013 3086 1042 3125 ut
1055 3091 1100 3125 vas
1114 3073 1222 3144 plenum
1232 3075 1309 3138 rino,
1324 3074 1417 3140 vitex,

360 3165 391 3203 ut
404 3164 430 3202 te
442 3153 556 3202 excitare
568 3151 594 3201 in
609 3148 709 3201 belluni
722 3149 808 3200 velim.
908 3172 952 3207 vas
972 3154 1074 3208 ficubus
1092 3153 1218 3224 plenum,
1233 3153 1347 3226 aliaque.
1364 3155 1417 3206 re-

399 3231 457 3283 136.
471 3231 531 3282 Sors
542 3229 620 3281 dedit.
635 3229 696 3280 Fors
709 3227 781 3279 dedit
794 3228 861 3281 Dan.
907 3233 1033 3286 rebantur
1049 3247 1076 3285 et
1095 3235 1292 3304 Neorospasta,
1312 3231 1415 3299 idest,

361 3311 448 3361 petav.
463 3337 499 3349 -
515 3307 596 3380 Regg.
610 3310 630 3359 B
642 3319 668 3358 ct
684 3305 788 3358 Chone
802 3306 863 3358 lect.
908 3313 1047 3364 simulacra
1057 3315 1143 3364 nervis
1154 3311 1343 3364 mobilia.Vide
1353 3313 1416 3365 Plu·

362 3389 495 3442 exhibent.
506 3389 553 3440 Eo.
908 3391 1029 3444 tarchum
1043 3391 1076 3444 de
1091 3393 1214 3444 Avaritia.

400 3470 457 3537 ¹37·
473 3469 500 3520 Is
511 3467 586 3519 decor
596 3476 632 3518 est
643 3503 650 3530 ,
661 3467 759 3538 forme
772 3467 865 3537 species
947 3471 991 3536 141
999 3511 1005 3522 .
1013 3471 1257 3543 Excipiunteupidi.
1268 3472 1419 3543 Excipiunt

359 3546 489 3620 pennixtn
507 3546 586 3598 virili.
602 3546 651 3598 His
663 3547 740 3598 decor
756 3558 792 3598 est
803 3545 863 3614 for·
907 3551 978 3602 auidi
989 3551 1069 3622 L'ang.
1081 3552 1151 3602 Leur
1163 3564 1190 3602 et
1204 3553 1306 3603 Venett.
1323 3552 1418 3622 Espti-

362 3643 411 3678 moe
431 3625 525 3697 species
547 3626 628 3694 Lang.
647 3627 715 3677 Dan.
735 3627 822 3676 Petar.
837 3638 863 3676 et
907 3633 982 3682 ciunt
993 3631 1097 3702 placide
1111 3633 1174 3684 Exc.
1190 3634 1266 3702 burg.
1283 3661 1319 3671 -
1332 3633 1417 3684 Exci-

360 3703 422 3757 edd.
435 3718 496 3756 vett.
508 3705 560 3755 Hic
570 3703 647 3755 decor
656 3705 710 3758 lioec
716 3703 864 3774 [0111111111-
904 3709 990 3778 pinni.
1010 3709 1115 3760 Scilicet
1132 3711 1270 3779 promissa.
1288 3711 1415 3760 Butrasn.

361 3786 475 3843 rineius,
492 3784 621 3854 probante
632 3785 747 3837 barthio.
755 3787 861 3855 -lieg.
907 3817 942 3825 -
953 3789 1111 3859 Spesoddito
1119 3791 1191 3841 votis.
1202 3791 1271 3856 Quia
1280 3788 1417 3842 curabant

362 3865 382 3914 B
395 3861 515 3928 exhibet,
527 3864 554 3915 Is
562 3863 650 3928 decor,
662 3876 687 3915 et
694 3863 793 3933 forrnoe
806 3882 862 3934 spe-
910 3866 947 3917 ibi
961 3880 1032 3918 stare
1047 3867 1214 3940 aliquandiu,
1229 3887 1283 3940 qno
1300 3883 1417 3940 possent

361 3943 427 4002 ⁶50⁸?
443 3943 506 4010 Refl-
524 3941 677 3993 Ceamdem
693 3941 752 3991 ¹⁰⁰1·
768 3942 862 3992 En·-
907 3947 1036 4000 Achillem
1064 3948 1186 4020 detegere
1206 3970 1212 4010 ;
1235 3969 1319 4021 quare
1344 3969 1416 4003 can·

363 4020 451 4074 Virili.
463 4021 544 4087 Quod
554 4021 745 4093 aliquodririle
755 4021 863 4090 babent,
908 4046 962 4078 sain
975 4045 990 4077 a
1005 4045 1065 4097 rege
1077 4029 1136 4098 ipso
1147 4028 1264 4080 oblatam
1277 4029 1328 4081 sibi
1342 4033 1415 4082 acci-

361 4114 392 4152 ut
402 4102 547 4152 Amazones
560 4099 712 4165 videantur,
725 4119 779 4152 non
794 4101 863 4153 rnol-
906 4123 970 4177 pere
986 4125 1039 4158 non
1057 4106 1180 4158 dubitant
1197 4106 1286 4160 Ulixes
1304 4121 1331 4160 et
1347 4109 1416 4162 Dio·

361 4181 425 4232 litiei
438 4178 561 4232 muliebri
577 4193 681 4232 tantum
693 4180 803 4247 deditae,
816 4183 862 4235 ted
907 4185 1006 4238 medes.
1025 4189 1180 4239 1111111111.
