3194 5156
627 545 769 609 LIBER
794 546 821 609 1.
1182 541 1248 632 539
1289 561 1291 564 ·

244 675 373 737 Nomen
387 667 522 737 Achillis
534 684 663 750 amant,
677 683 710 736 et
721 671 755 735 in
768 673 911 736 Hectora
923 667 1017 737 solus
1029 667 1176 738 Achilles

243 785 410 850 Poscitur:
424 780 519 849 illum
532 805 640 849 unum
650 784 790 850 Teucris
804 785 1004 876 Priamoque
1017 781 1202 876 loquuntur
1276 809 1282 824 ·

244 887 389 965 Fatalem
402 921 409 960 :
423 888 498 987 quis
511 896 601 960 enim
614 895 798 962 Haemoniis
811 892 875 960 sub
887 891 1031 960 vallibus
1042 891 1127 959 alter
1195 904 1246 975 476

242 1009 405 1090 Creverit,
419 1005 541 1074 effossa
555 1021 689 1097 reptans
702 1007 798 1072 nive?
809 1002 905 1097 cujus
917 1003 959 1072 ab
972 1019 1047 1072 ortu

241 1115 353 1184 Cruda
364 1115 555 1184 rudimenta
566 1131 599 1183 et
610 1113 743 1184 teneros
754 1116 1066 1184 formaveritannos

242 1231 449 1296 Centaurus?
462 1231 559 1321 patrii
572 1230 711 1320 propior
722 1230 776 1295 eui
788 1226 875 1294 linea
887 1227 979 1296 caelit

240 1343 391 1424 Quemve
402 1338 506 1404 alium
519 1341 651 1432 Stygios
665 1336 778 1404 tulerit
790 1355 917 1405 secreta
931 1362 993 1430 per
1004 1361 1120 1405 amnes
1192 1351 1245 1419 480

241 1451 376 1516 Nereis?
388 1465 421 1515 et
432 1448 593 1541 pulchros
605 1448 694 1516 ferro
707 1451 940 1541 perstrinxerit
950 1454 1062 1516 artus?

240 1562 320 1625 Haee
331 1562 440 1626 Graiae
452 1561 568 1626 castris
581 1564 717 1642 iterant,
731 1556 936 1653 traduntque
948 1557 1113 1626 cohortes.

239 1667 334 1737 Cedit
345 1670 444 1738 turha
455 1669 597 1754 ducum,
609 1671 765 1763 vincique
776 1666 867 1736 haud
880 1686 1000 1737 moesta
1011 1668 1144 1736 latetur.

228 1865 417 1935 milenum.
429 1868 542 1934 Hector,
553 1867 649 1919 Priami
664 1866 695 1919 fi·
738 1883 789 1916 nee
812 1867 916 1936 proavis
937 1863 1079 1917 demissum
1100 1878 1239 1917 stemma.»

192 1942 389 2008 lius,soluserat
398 1946 694 2016 propugnaculum'i'ro·
761 1945 836 2015 v480.
858 1947 971 2016 Quemve
984 1945 1067 1996 alium
1081 1945 1184 2017 Stygios
1198 1953 1241 1996 trt-

188 2025 396 2095 jae,necpoterat
407 2026 455 2078 nisi
464 2025 497 2075 ab
508 2025 692 2078 Achilleviuei.
740 2021 799 2074 ierit
810 2037 904 2076 secreta
915 2041 964 2096 per
975 2042 1072 2076 earnes.
1086 2026 1148 2075 uae.
1163 2025 1240 2094 Burg.

227 2100 287 2171 476.
308 2102 459 2154 Hoemoniis.
474 2103 642 2156 Thessalicis.
738 2123 754 2154 a
775 2105 879 2178 Stygios
897 2103 987 2156 tulerit
1006 2103 1123 2156 secretius
1143 2119 1240 2154 amares.

226 2181 287 2252 477.
306 2182 332 2235 C.
345 2201 367 2232 e.
380 2194 483 2253 reptans
496 2185 566 2249 nive,
578 2185 650 2256 eujus
660 2186 693 2236 ab
736 2185 814 2236 tldd.
836 2185 922 2238 Colin.
937 2198 964 2238 et
983 2185 1058 2237 llssil.
1075 2185 1109 2236 ad
1123 2184 1241 2258 Stypios‚

190 2276 257 2316 ortu.
276 2266 338 2315 Ere.
356 2266 433 2336 Burg.
450 2279 555 2336 raptans
572 2269 638 2319 aive.
658 2295 692 2310 -
737 2263 906 2334 improbante
930 2262 1047 2316 Barthio.
1071 2291 1107 2304 -
1129 2263 1241 2333 Quemve

189 2342 690 2419 Reg.Bhabet,ctg'usadortus,·ileg.
735 2343 821 2395 alium
844 2344 948 2418 Stypios
969 2343 1058 2394 tulerit
1078 2355 1173 2396 morata
1193 2360 1242 2415 per

189 2421 348 2476 Cnostram.
366 2425 412 2474 Eu.
424 2455 460 2466 -
472 2423 577 2496 Effossa
590 2437 693 2496 reptans
734 2441 824 2473 amnes
836 2424 934 2475 Nereis.
949 2421 1016 2473 Vide
1028 2440 1116 2493 supra.

189 2503 257 2553 aive.
270 2503 383 2554 Exordia
394 2505 512 2575 pueritia
524 2504 633 2557 Achillis
646 2505 691 2559 de·
771 2501 832 2568 481.
843 2503 941 2554 Neruis.
951 2500 1042 2553 Thetis
1053 2501 1106 2552 titia
1115 2501 1239 2552 Nerei.-

188 2580 288 2633 seribit.
302 2581 344 2633 Sic
358 2601 453 2652 supra,
467 2603 492 2634 v.
511 2599 555 2637 itt
569 2605 575 2636 ε
591 2586 691 2639 ιΝιιηο
735 2581 811 2634 Ferro
821 2580 1088 2655 perstrinxeritartus.
1103 2580 1239 2651 Respexit,

188 2658 262 2712 illum
277 2679 332 2712 non
346 2662 412 2714 Ossa
429 2666 515 2736 capit,
530 2683 583 2716 nou
600 2665 690 2720 Pelion
735 2675 765 2712 ut
779 2664 815 2714 ait
833 2663 1013 2726 Britannicus,
1030 2680 1130 2713 morem
1146 2660 1239 2712 lavan-

187 2740 281 2808 ingeas
300 2739 509 2812 Thessaliaeque
527 2745 632 2796 niveae
654 2775 691 2786 -
735 2743 800 2792 tium
817 2742 885 2793 sein
899 2739 1016 2805 balneis,
1034 2743 1080 2811 qui
1095 2739 1237 2810 strigilibus

190 2822 369 2892 Cujuraborw
380 2823 463 2874 Cmda
474 2823 631 2890 rudimenta,
640 2838 689 2880 etc.
735 2819 879 2870 utebantur
898 2819 931 2870 ad
952 2818 1075 2870 sudorem
1096 2818 1236 2888 detergen-

187 2899 254 2952 Vide
262 2919 311 2971 sup
319 2902 689 2972 vs.ttt,quomodoAchilles
735 2898 806 2951 dum·
824 2928 861 2939 ··
878 2899 1070 2951 Pffllrlnxerll·
1092 2899 1238 2960 Defaflerltt

187 2977 274 3029 fuerat
287 2996 301 3028 a
314 2977 429 3030 Chirone
442 2979 578 3032 educatus.
735 2997 797 3029 nam
817 2979 942 3052 stringere
963 2991 1002 3030 est
1022 2977 1132 3040 rariore,
1152 2992 1181 3030 ut
1201 2979 1238 3030 ait

222 3056 283 3124 478.
316 3058 408 3110 Cmda.
438 3059 518 3127 Quod
549 3072 689 3132 antequam
733 3057 885 3110 Marcellus.
901 3057 1000 3110 Plinius
1017 3060 1113 3110 Junior
1130 3056 1163 3109 de
1179 3057 1237 3110 Bal·

187 3151 264 3210 aptus
275 3151 300 3190 et
310 3153 427 3192 maturus
437 3154 519 3206 esset,
529 3135 562 3192 ad
573 3140 690 3213 discipli·
733 3139 790 3191 nais
809 3138 922 3211 loquens
939 3139 977 3192 sir.
992 3139 1083 3192 scribit
1101 3139 1135 3192 de
1153 3157 1238 3191 avun-

186 3237 248 3270 nam
261 3217 322 3270 data
335 3221 395 3270 sint.
413 3221 568 3274 Mittuntur.
732 3217 794 3270 culo
807 3216 853 3270 lib.
868 3221 915 3283 iil,
929 3219 1010 3289 Epist.
1026 3219 1042 3272 5
1058 3258 1068 3286 ,
1081 3220 1128 3286 14:
1145 3220 1237 3270 :Dum

221 3298 282 3367 479.
309 3299 467 3351 Centaurus?
484 3299 565 3372 patrii
581 3299 690 3371 propior
731 3297 912 3370 destringitur,
922 3298 1091 3370 raditurque,
1111 3297 1237 3350 audiebat

186 3379 230 3430 cui
244 3378 314 3430 linea
328 3377 403 3430 cett?
417 3380 504 3432 Petas.
518 3382 608 3433 semita
620 3378 686 3432 coeli.
732 3378 833 3450 aliquid
847 3393 893 3431 aut
902 3379 1029 3432 dictabat.
1041 3403 1052 3428 a
1065 3381 1100 3431 Ex
1109 3381 1234 3449 Pergamo

185 3487 221 3498 ·-·
232 3459 295 3524 Reg.
308 3456 453 3528 Cprubet,
464 3459 585 3531 proprior
597 3461 640 3512 cui
654 3458 689 3510 li·
732 3460 799 3509 mitti
808 3457 920 3528 strigiles
933 3458 1029 3510 refert:
1043 3459 1172 3511 Martialis
1189 3456 1234 3509 lib.

185 3555 235 3588 nea
247 3535 318 3596 cett·
332 3539 395 3604 lieg.
408 3537 429 3588 C
442 3550 557 3588 nostram
568 3537 628 3589 lert.
640 3539 687 3589 Eu.
731 3537 800 3604 xtV,
812 3537 859 3601 ht,
878 3555 886 3589 t
899 3559 906 3589 r
926 3541 1090 3610 aPergamus
1114 3538 1162 3590 has
1184 3539 1235 3590 mi·

184 3645 220 3656 -
238 3617 323 3669 Patrii
341 3617 449 3688 propior
467 3617 509 3669 cui
527 3616 598 3670 tinea
619 3615 685 3670 eoeli.
732 3620 766 3670 sit
781 3637 863 3670 curvo
885 3616 1040 3689 distringere
1058 3620 1157 3670 ferro·
1180 3617 1236 3668 Μι-

184 3695 360 3748 Commendat
385 3695 514 3762 Achillem
541 3715 554 3750 a
580 3716 685 3768 genere.
732 3700 862 3750 turentius
873 3711 960 3750 autem
972 3697 1035 3764 legit
1045 3699 1233 3770 praestruxerit,

183 3773 300 3827 Achilles
317 3777 387 3827 enirn
398 3789 454 3828 erat
462 3779 685 3848 proneposdotis.
732 3791 757 3830 et
774 3781 964 3850 interpretatur
980 3779 1184 3851 premuniverit.
1198 3807 1235 3818 -

185 3882 219 3893 -
233 3856 321 3907 Linea.
338 3857 386 3906 Hie
405 3876 454 3927 pro
468 3871 539 3909 recta
558 3861 624 3910 serie
638 3876 687 3910 oo·
731 3859 816 3912 Ferro.
832 3859 918 3911 Dandi
934 3877 1013 3924 casu,
1028 3858 1055 3910 id
1071 3870 1126 3925 est,
1141 3870 1235 3910 contra

183 3935 317 4004 gnationis
325 3937 523 3988 ascendentium
532 3936 641 3999 seilicet,
656 3955 686 3987 ac
731 3939 847 4004 ferrum,
859 3952 890 3990 ut
902 3953 970 3991 esset
981 3936 1140 3992 inviolabilis
1152 3939 1233 3990 ferro.

183 4009 408 4064 descendentium.
441 4018 478 4066 lta
510 4019 588 4066 etiam
615 4015 684 4067 hanc
729 4017 811 4087 Quod
824 4032 932 4071 secutus
944 4037 1011 4070 sum.

183 4108 276 4142 vocem
295 4107 406 4164 usurpat
431 4094 528 4147 Statius
552 4092 613 4146 silv.
635 4096 682 4160 111,
749 4097 825 4164 «483.
846 4099 919 4150 Cedit
933 4096 1120 4150 turbeducum.
1134 4095 1233 4162 Quam·

183 4169 214 4234 3,
235 4170 278 4238 44.
301 4174 382 4224 «Nou
399 4172 447 4225 tibi
468 4173 540 4226 clara
560 4173 683 4244 quidem,
728 4176 781 4243 vis,
794 4176 895 4246 inquit,
910 4174 1022 4228 ducibus
1035 4188 1113 4245 turpe
1128 4169 1232 4228 videtur

144 4265 149 4280 ¹
182 4249 271 4300 senior
284 4249 471 4320 placidissime,
487 4256 572 4322 gentis
587 4255 683 4319 Linea,
728 4255 763 4308 ab
777 4276 832 4310 uno
844 4255 946 4309 tehttte
957 4257 1093 4328 superari,
1105 4273 1181 4328 aequo
1192 4267 1232 4306 te·
