3194 5156
500 586 502 595 ’
574 589 717 653 nruuu
744 591 790 655 11.
916 579 982 598 ‘'
1143 547 1210 660 603
1303 645 1308 666 .

204 715 296 781 Stare
304 709 403 805 jubet
414 727 548 794 contra,
562 710 781 809 tumidosque
792 711 959 807 repellere
970 713 1110 799 fluctus,

202 828 296 910 Quos
306 825 363 891 vix
374 825 446 915 ipse
458 820 568 915 gradu
578 825 677 892 toties
689 823 846 892 obstante
858 823 1000 894 tulisset.

202 934 338 1004 stabam
350 933 522 1031 equidem,
535 960 600 1004 nec
611 961 667 1004 me
679 937 847 1007 referebat
858 941 1009 1008 concitus
1022 943 1148 1024 amnis,
1159 955 1213 1023 435

203 1049 245 1113 Et
257 1045 333 1115 latae
345 1046 453 1139 caligo
464 1050 528 1116 viae
538 1075 549 1132 ¹:
567 1049 659 1116 ferus
672 1049 729 1117 ille
740 1052 862 1118 minari

203 1163 358 1252 Desuper
371 1159 589 1243 incumbens,
604 1160 786 1257 verbisque
802 1185 924 1256 urgere
935 1162 1112 1256 pudorem.

202 1275 273 1339 Nec
283 1273 349 1338 uisi
355 1270 471 1366 jussus
486 1272 575 1341 abii:
590 1275 638 1342 sic
649 1298 705 1341 me
720 1273 872 1343 sublimis
885 1276 1007 1369 agebat

202 1379 335 1467 Gloria,
349 1406 412 1452 uec
424 1382 501 1452 duri
514 1401 610 1453 tauto
623 1385 687 1453 sub
699 1402 784 1455 teste
795 1385 940 1456 laborer.

203 1497 289 1561 llam
301 1493 421 1587 procul
433 1494 594 1565 OEbalios
607 1499 643 1564 iu
654 1496 771 1566 nubila
782 1496 928 1567 condere
940 1497 1051 1568 discoe
1130 1483 1134 1492 ⁴
1161 1511 1214 1584 44ο

202 1603 246 1670 Ει
256 1603 422 1700 liquidam
433 1605 560 1676 nodare
573 1606 691 1691 Palen,
704 1625 738 1678 et
748 1631 907 1704 spargere
919 1626 1060 1694 caestus,

193 1806 255 1875 433.
265 1809 665 1883 Starejulaetcontrafiumidot·
708 1815 799 1886 pietro.
812 1843 849 1854 —
859 1815 904 1869 Sic
922 1831 966 1868 me
983 1812 1104 1868 sublimis
1120 1817 1214 1889 apellat

156 1909 207 1966 pue
220 1890 343 1964 repellere
347 1893 458 1970 fluctus.
477 1894 572 1948 Similia
584 1895 665 1948 auda·
710 1893 811 1956 Gloria.
831 1896 884 1958 lta,
906 1895 1005 1967 inquit,
1030 1892 1168 1962 laudibus,
1186 1907 1214 1948 et

157 1971 199 2024 cia
215 1983 332 2024 veterum
350 1972 496 2042 Celtarum,
515 1976 560 2045 qui
573 1976 601 2026 iu
613 1973 664 2026 llu-
707 1971 793 2044 gloria
808 1973 982 2028 incendebar.
994 1975 1118 2027 Βιιτιιιιι.

156 2063 215 2104 ctus
240 2070 268 2104 ae
292 2053 488 2123 conjiciebant,
516 2073 663 2126 eorumque
743 2053 805 2124 439.
829 2055 915 2106 Tanto
934 2054 979 2106 sul>
998 2063 1066 2108 teste.
1089 2051 1217 2106 Chirone,-

156 2131 285 2202 impeturn
300 2131 395 2203 gladiis
408 2145 487 2205 atque
500 2132 582 2185 hastis
595 2136 664 2186 exci-
706 2134 774 2187 Vide
787 2153 815 2206 p.
831 2133 898 2200 314,
909 2147 973 2186 tom.
986 2137 1012 2200 1,
1022 2135 1087 2187 Stat.

155 2212 273 2284 piebaut.
287 2213 363 2266 Adeo
375 2216 445 2266 enim
456 2216 662 2286 ignominiosum
744 2214 804 2282 440.
818 2215 889 2266 Nam
899 2212 995 2286 procul
1004 2212 1140 2266 OEbaliat.
1151 2215 1216 2265 lom·

156 2292 340 2344 existimabant
351 2293 457 2364 fugere,
468 2306 498 2345 ut
512 2311 546 2346 ne
558 2313 590 2346 cx
602 2312 663 2346 cor-
705 2293 800 2367 procul
811 2293 888 2347 multi
900 2292 979 2347 codd.
995 2307 1022 2345 et
1030 2292 1090 2346 edd.
1104 2305 1167 2345 vett.
1177 2323 1215 2335 -

155 2372 293 2425 ruentibus
310 2371 418 2444 quidem
432 2385 477 2424 aut
489 2372 662 2444 flagrantibus
709 2375 843 2429 OEialiot.
863 2376 1019 2428 Laconicoa.
1035 2376 1144 2427 Discum
1165 2392 1215 2426 au-

155 2450 549 2523 ediliciiadigrederentur,ecd
559 2455 662 2505 ruinam
707 2468 761 2506 tem
786 2457 947 2508 Laconicum
972 2452 1008 2506 ob
1030 2453 1057 2505 id
1083 2452 1214 2526 appellat,

156 2543 182 2582 et
205 2531 425 2583 vivicomburium
453 2531 523 2584 ultro
548 2535 664 2586 sustiue-
708 2531 781 2605 quod
805 2533 828 2586 ia
847 2531 925 2586 ludus
950 2532 1055 2584 iufamia
1073 2535 1105 2583 rit
1127 2533 1216 2585 factus

155 2622 222 2662 rent.
236 2611 400 2663 AElian.Var.
410 2610 531 2663 Histlih.
544 2613 592 2663 Xll
601 2651 609 2680 ,
618 2614 662 2666 23.
707 2612 780 2665 cade
791 2611 948 2685 Hyacinthi,
962 2610 989 2664 id
1003 2625 1057 2676 eet,
1073 2612 1213 2678 Laconici,

192 2688 254 2756 434.
276 2690 362 2742 Toties
375 2690 499 2743 obstante.
517 2691 588 2760 Quia
601 2709 664 2766 qua·
709 2692 755 2763 qui
766 2689 830 2742 dum
842 2690 917 2743 diaco
932 2709 994 2743 cum
1008 2689 1131 2762 Apolline
1144 2709 1216 2743 arua-

155 2782 219 2822 tuor
227 2765 310 2841 pedes
318 2769 433 2823 habebat
446 2773 553 2824 Chiron.
708 2781 765 2822 tore
776 2788 826 2821 auo
839 2781 967 2833 certaret,
986 2768 1143 2820 interfectus
1157 2781 1215 2837 eet,

192 2847 253 2916 435.
266 2850 293 2903 S.
309 2868 331 2900 e.
347 2869 394 2902 nec
407 2868 450 2902 me
463 2851 589 2922 referebat
597 2872 663 2907 con·
708 2847 779 2900 unde
789 2862 828 2900 est
840 2847 906 2899 illud
916 2845 1006 2901 Ovidii
1016 2847 1080 2899 Met.
1093 2848 1131 2910 X,
1147 2847 1213 2917 196:

155 2931 222 2985 citur
232 2931 327 2984 amnis.
346 2931 424 2983 Multi
442 2930 522 2985 codd.
540 2936 662 2988 consitiis.
710 2926 842 2980 'lsssberit
852 2926 984 2981 OEballde
993 2929 1080 2999 prima
1092 2927 1216 2980 fraudate

155 3039 192 3052 ..-
202 3013 266 3083 Reg,
282 3010 408 3077 Rham,
423 3011 469 3064 sed
480 3030 522 3063 me
538 3013 664 3084 referebat
704 3007 829 3076 juvenili,
839 3007 953 3060 Plloebus
964 3007 1007 3058 ait.
1023 3031 1034 3054 ιι
1046 3007 1115 3058 Nam
1125 3005 1217 3060 Oliba·

155 3091 270 3144 concitus
288 3092 381 3143 amnis.
401 3094 447 3142 En.
466 3120 503 3130 -
517 3093 661 3164 Referebat,
706 3083 741 3136 lia
753 3084 885 3157 appellata
899 3099 938 3138 eet
951 3085 1067 3136 laconia
1079 3085 1113 3136 ab
1126 3085 1215 3138 ouba-

155 3171 235 3222 Retro
248 3170 357 3223 ferebat.
373 3172 496 3223 Barruut.
706 3165 733 3218 lo
745 3185 807 3237 repe
819 3165 910 3238 Arguli
924 3165 988 3218 lilio.
1002 3195 1037 3206 -—
1052 3167 1167 3219 Condere
1184 3167 1215 3218 in·

191 3247 252 3314 436.
269 3250 305 3300 Et
316 3248 471 3321 latoecalipo
485 3248 540 3300 uiae.
556 3249 592 3301 Et
602 3248 664 3302 latoe
706 3246 806 3299 nubila.
824 3248 855 3298 ln
869 3244 1020 3318 paloestorio
1035 3244 1124 3297 discus
1142 3259 1213 3313 erat,

156 3325 243 3400 ealipo
257 3327 327 3402 [ψ
339 3331 396 3380 Ριιι.
406 3357 444 3367 -
457 3330 521 3398 fleg.
533 3329 663 3399 Bprtebet
707 3328 733 3378 iu
750 3345 803 3399 quo
819 3325 948 3396 jactando
966 3327 988 3378 ia
1003 3323 1217 3378 commendaba-

156 3406 224 3460 lianc
232 3407 292 3461 lect.
304 3406 500 3480 Eue-Caligo.
515 3407 662 3481 Calipinem
706 3417 751 3457 tur
767 3407 812 3478 qui
831 3408 859 3457 iu
878 3423 967 3458 aerem
988 3402 1066 3458 altine
1084 3406 1214 3467 mieisaet3

155 3501 234 3539 vocat
245 3489 430 3540 confusionem
442 3487 572 3556 trabium,
585 3501 611 3540 et
620 3507 662 3541 aa·
707 3499 764 3537 erat
778 3486 848 3537 enim
859 3482 928 3556 lapis
943 3485 1030 3556 gravia
1046 3496 1071 3535 et
1084 3482 1153 3536 latua
1168 3487 1214 3556 qui

155 3581 249 3618 aurum
265 3581 412 3621 rotatorum
424 3567 530 3620 alluvio
544 3589 551 3619 ι
566 3568 606 3621 vel
620 3570 663 3640 ip·
707 3563 740 3616 ad
755 3565 969 3616 exercitationem
980 3565 1101 3635 corporis
1115 3565 1142 3614 iu
1162 3581 1215 3614 au-

156 3663 213 3697 tam
224 3646 435 3718 profunditatem
448 3648 606 3722 lluvii,quae
615 3653 663 3703 im·
704 3663 747 3700 raa
769 3645 937 3706 mittebatur;
960 3645 1006 3717 qui
1025 3643 1213 3714 jaculabantur

155 3743 246 3776 mensa
261 3739 326 3778 erat.
705 3726 765 3778 oleo
776 3726 1016 3798 perfundebantur.
1031 3725 1142 3778 Ovidius
1156 3727 1212 3780 Μο-

192 3804 254 3876 437.
280 3807 375 3879 Urpere
394 3805 531 3878 pudorem,
552 3807 662 3874 Verbis,
705 3817 769 3860 tam.
782 3807 820 3872 X,
840 3825 886 3877 ¹77
903 3828 910 3858 ι
927 3807 1071 3879 ·Corpora
1083 3820 1154 3860 veste
1171 3805 1214 3860 le-

156 3887 255 3957 inquit,
269 3905 311 3940 me
324 3887 480 3956 accusabat,
491 3901 517 3940 et
529 3909 570 3941 me
579 3888 661 3942 veluti
705 3900 783 3952 taut,
795 3899 821 3940 et
831 3905 912 3938 succo
922 3887 1028 3958 pinguia
1040 3885 1113 3938 olivae
1123 3885 1216 3957 Splen-

155 3966 358 4020 tremebundum
379 3968 467 4021 verbio
486 3969 606 4039 juvabat.
626 3999 661 4010 -
706 3965 834 4035 descunt,
848 3965 947 4038 latique
962 3968 1055 4018 ineunt
1067 3967 1214 4018 certamina

156 4047 297 4099 Pudorem.
308 4046 338 4099 ld
349 4061 387 4100 est
399 4067 441 4100 me
453 4051 555 4120 ipsum,
565 4051 593 4103 iu
607 4069 660 4123 quo
706 4043 782 4100 disci.
797 4069 808 4093 ι
826 4048 950 4098 Berricen.

156 4143 212 4181 erat
230 4127 319 4200 pudor
338 4143 365 4182 et
379 4130 554 4196 verecundia,
574 4150 608 4184 ne
629 4151 661 4185 ea
742 4125 803 4192 441-
816 4125 853 4176 El
866 4123 993 4194 liquidam
1006 4121 1104 4176 nodare
1116 4120 1210 4175 Palen·

156 4227 210 4260 aon
222 4207 322 4261 obirem
338 4228 396 4283 quie
407 4211 556 4282 imperaret.
571 4211 644 4262 Barr.
705 4205 789 4276 Lang.
801 4202 899 4257 Buelid.
915 4217 942 4256 et
958 4201 1018 4255 edd.
1033 4214 1095 4254 vett
1112 4201 1214 4253 nudare

192 4287 253 4354 438.
264 4289 332 4353 Ati,
346 4309 395 4363 pro
409 4291 475 4356 abii,
484 4288 595 4360 jubente
605 4309 660 4343 tua·
706 4285 800 4340 Palen.
813 4284 1031 4358 -Etliqaidam
1044 4285 1141 4338 nodare
1155 4285 1213 4336 Pa·
