3264 5166
611 550 754 614 LIBER
780 551 841 614 tx.
1193 555 1256 620 183

249 679 370 769 Sospes
382 677 490 766 egoi„
508 690 647 742 exuerat
659 675 780 766 vagina
791 675 949 743 turbidus
962 700 1096 759 ensem,

248 784 461 882 Aptebatque
472 788 548 854 neci
560 812 567 852 :
582 789 724 856 comites
736 803 893 872 tenuere,
907 811 1071 884 socerque

246 900 410 991 (instigat,
423 897 572 994 bellique
585 901 674 968 vices
686 923 727 968 ac
738 900 806 968 fota
818 899 995 969 revolvens

247 1009 380 1080 Solatur
390 1009 561 1079 tumidum
572 1064 581 1096 ‚
594 1010 765 1108 longeque
776 1036 797 1079 a
808 1036 951 1106 corpore
963 1037 1042 1082 caro

248 1119 444 1204 Paullatim,
457 1119 549 1189 unde
562 1120 675 1205 dolor,
687 1121 813 1219 letique
825 1126 978 1191 animosa
990 1122 1163 1210 voluntas,
1221 1141 1256 1193 80

248 1237 406 1314 Amovet,
419 1254 459 1299 ao
471 1235 571 1300 tacite
582 1232 712 1302 ferrum
723 1235 812 1301 inter
823 1232 926 1302 verbu
938 1237 1093 1327 reponit·

247 1345 407 1427 Ducitur,
419 1346 544 1412 amisso
557 1344 666 1440 qualis
678 1361 834 1414 consorte
844 1344 1001 1414 laborum

246 1458 380 1524 Deserit
390 1457 563 1550 inceptum
577 1441 688 1525 media
700 1458 788 1526 inter
794 1454 916 1551 jugera
928 1457 1060 1527 sulcum

245 1574 380 1637 Taurus
391 1572 497 1651 iners,
510 1566 666 1664 colloque
675 1568 799 1663 jugum
812 1568 965 1638 deforme
977 1572 1120 1638 remisso

247 1685 345 1750 Parte
356 1680 476 1762 trahit,
489 1699 621 1775 partem
634 1679 815 1750 lacrimans
829 1697 995 1750 sustentat
1007 1697 1129 1750 arator.
1222 1695 1255 1752 85

294 1797 381 1861 Ecce
393 1809 508 1862 autem
519 1791 674 1861 hortatus
686 1792 848 1876 Eteoclis,
862 1811 895 1862 et
906 1817 1000 1861 arma
1013 1796 1136 1876 secuti,

245 1907 348 1972 Lecta
358 1927 498 1987 manus,
508 1901 669 1997 juvence,
683 1927 769 1998 quos
781 1928 844 1972 nec
856 1907 1010 1972 Tritonia
1021 1901 1126 1988 hello,

246 2019 316 2083 Nec
325 2038 433 2108 prope
446 2013 569 2083 collata
580 2015 763 2107 sprevisset
773 2013 915 2109 cuspide
925 2020 1079 2098 Mavors,
1174 2055 1179 2080 r

247 2124 456 2194 Adventant:
469 2143 588 2194 contra
600 2124 740 2193 collecta
752 2143 791 2193 ut
801 2141 938 2218 pectora
950 2149 1078 2220 parmae

245 2240 393 2319 Fuerat,
406 2255 508 2333 atque
520 2237 653 2336 hastam
664 2235 765 2330 longe
777 2237 1012 2331 protenderat,
1025 2237 1135 2306 haeret
1219 2268 1255 2322 9⁰

244 2347 380 2418 Arduus
393 2347 631 2442 Hippomedon
645 2376 652 2416 :
666 2373 729 2418 ceu
742 2347 902 2418 fluctibus
915 2348 1013 2419 obvia
1025 2373 1147 2443 rupes,

245 2461 308 2528 Cui
320 2483 432 2555 neque
444 2459 486 2528 de
498 2459 581 2529 caelo
593 2476 721 2544 metus,
735 2478 768 2531 et
780 2461 886 2530 fracta
897 2485 1035 2557 aequora
1046 2460 1189 2545 cedunt,

198 2559 201 2570 ¹
245 2575 316 2641 Stat
326 2574 457 2642 cunctis
469 2575 611 2642 immota
621 2577 741 2642 minis:
756 2576 855 2644 timet
863 2575 936 2669 ipse
947 2577 1116 2667 rigentem

195 2805 262 2858 dere
270 2805 459 2876 possea-Et
467 2806 536 2862 ultra
546 2805 636 2879 Sospes
644 2826 701 2882 epo.
746 2809 801 2861 veri
822 2809 912 2862 Sancti
932 2807 1045 2860 Carmen
1066 2804 1100 2858 de
1120 2805 1253 2859 Mortibus

195 2883 257 2936 Tibi
265 2897 398 2956 superstet
407 2903 480 2950 sum,
491 2904 551 2938 cum
559 2885 702 2956 exprobra·
746 2887 845 2956 Boum,
854 2907 891 2941 va.
900 2888 946 2957 47,
955 2888 1028 2938 Poet.
1039 2887 1096 2937 Lat.
1104 2885 1169 2937 Min.
1181 2899 1251 2937 nost.

196 2964 286 3032 tione,
304 2975 334 3015 ut
347 2964 439 3036 virgil.
455 2963 557 3016 AEneid.
575 2964 616 3032 X,
631 2964 700 3034 849:
746 2965 810 3018 edit.
826 2981 891 3018 tom.
907 2968 931 3033 Ι,
947 2984 1009 3036 pag.
1030 2964 1092 3028 ⁵81,
1112 2961 1158 3014 abi
1174 2963 1251 3016 locut

198 3066 211 3092 ι
220 3045 307 3098 Morte
319 3057 365 3097 tua
377 3046 446 3098 vivo.
458 3069 470 3093 ι
746 3043 880 3098 Statianus
893 3041 1034 3096 adductus.
1053 3043 1100 3093 En.

232 3124 275 3178 80.
300 3125 409 3197 Letique
429 3125 549 3178 animosa
568 3122 699 3177 voluntas.
782 3127 824 3196 87.
847 3126 974 3180 Tritonia.
990 3122 1085 3177 Paliae.

197 3204 311 3275 :Longe
330 3202 477 3276 elegantius
499 3202 572 3276 quod
595 3206 701 3276 optima
781 3206 825 3260 88.
836 3207 892 3260 Nec
899 3223 981 3278 prope
990 3201 1096 3258 collata.
1107 3203 1163 3254 Nec
1169 3221 1253 3276 prope

194 3283 308 3356 aliaque
321 3283 479 3336 membrana
495 3282 613 3350 babent,
627 3283 701 3337 voiu-
745 3285 855 3340 collecta
865 3284 1039 3338 unutBebot.

192 3373 284 3432 ptas.·
305 3361 402 3414 Btnrn.
781 3365 825 3435 89.
851 3368 945 3420 Contra
966 3363 1077 3418 collecta
1097 3373 1128 3414 ut
1144 3373 1250 3436 pectora

231 3441 282 3506 82,
297 3439 348 3506 83,
363 3439 405 3506 84.
425 3440 526 3494 Amisso
540 3439 627 3514 qualis
640 3458 662 3492 c.
679 3440 697 3492 ἱ.
742 3463 851 3518 parma.
862 3446 890 3496 in
902 3441 1061 3516 quibusdam
1072 3441 1150 3496 codd.
1162 3440 1250 3495 Barth.

193 3519 228 3572 D.
241 3520 258 3571 i.
273 3539 309 3571 m.
322 3520 371 3593 ij.
386 3541 405 3574 t.
420 3521 522 3574 Taurus
533 3521 608 3573 inert-
622 3519 699 3573 Ovid.
746 3526 875 3597 scriptum
895 3538 953 3577 ert:
973 3523 1070 3580 collata
1089 3535 1119 3576 ut
1137 3533 1251 3594 pectora.

193 3597 258 3651 Met.
273 3598 337 3666 vn,
352 3599 404 3654 538
418 3613 512 3672 etseq.
531 3599 701 3653 aConcidere
745 3604 797 3654 Pro
804 3620 906 3676 panna
915 3621 984 3654 unus
997 3600 1090 3654 Rehot.
1102 3599 1185 3653 babet
1192 3619 1253 3672 pur-

193 3679 283 3733 infelix
293 3679 396 3734 validos
408 3683 520 3734 miratur
531 3695 619 3734 arator
630 3680 702 3732 luter
746 3701 798 3734 ma.
807 3711 843 3722 -
852 3679 967 3737 tellecta
974 3692 1005 3734 ut
1009 3692 1124 3755 pectora.
1133 3678 1187 3731 Sub
1195 3697 1252 3732 acu·

194 3778 264 3831 opus
275 3775 379 3827 tauros,
390 3761 533 3833 medioque
543 3759 701 3813 recumbere
746 3773 774 3813 to
787 3774 898 3814 servata.
909 3791 946 3801 —
957 3761 1070 3813 Panna.
1085 3763 1126 3812 An
1141 3759 1254 3832 panna?

194 3837 280 3892 sulco.
290 3862 303 3887 r
317 3842 442 3913 Respexit
450 3841 525 3913 Virg.
537 3842 635 3910 Georg.
651 3841 700 3908 111,
781 3856 825 3908 9⁰·
845 3841 931 3912 Atque
943 3838 1043 3890 bartam
1058 3836 1136 3909 ioaqe
1144 3847 1253 3908 proteu-

194 3917 262 3990 519:
280 3921 326 3971 «11
338 3921 419 3973 tristis
432 3935 530 3988 arator,
546 3919 700 3972 Merentem
745 3917 826 3971 derat.
847 3918 959 3971 Texerat
976 3930 1054 3990 atque
1075 3915 1175 3970 hastam
1196 3915 1252 3968 duo

194 3999 343 4072 abjungere
361 4003 478 4054 fraterna
496 4015 584 4055 morte
601 4003 700 4073 juven·
746 3997 825 4050 codd.
839 3998 990 4052 barthiani:
1005 4016 1046 4051 rcs
1062 3995 1157 4050 eodem
1173 3995 1250 4048 redit.

193 4097 269 4142 οπως
279 4080 368 4151 Atque
381 4097 463 4151 opere
474 4081 501 4131 in
513 4078 603 4132 medio
616 4078 700 4132 defixa
745 4109 781 4119 -
792 4077 904 4131 Fuerat.
916 4083 958 4133 An
971 4079 1098 4131 Texerat?
1108 4091 1251 4148 utrumque

193 4157 322 4232 relinquit
336 4172 454 4212 aratra.»
471 4159 533 4211 Vid.
551 4171 621 4214 nost.
636 4159 700 4212 edit.
746 4158 844 4230 placet.
1301 4163 1304 4166 '

192 4251 258 4292 tom.
273 4241 301 4308 1,
313 4257 375 4312 pag.
391 4239 460 4310 496ς
475 4241 548 4293 conf.
562 4240 640 4292 etiam
654 4241 701 4294 Se·
782 4239 825 4307 93.
838 4238 926 4290 Timet
937 4239 991 4309 ipse
1000 4237 1207 4310 ripentemdieg.
1219 4234 1253 4302 B,
