3256 5160
369 525 435 606 tte
606 522 642 586 r.
669 522 705 586 r.
730 521 887 588 srtrn
911 521 1188 592 Tnnnlrnos

413 646 642 730 Conditus‚et
654 645 775 716 flentes
787 663 879 717 stant
894 649 1022 716 circum
1033 646 1174 718 flumina
1186 649 1291 720 silvae.
1362 667 1416 736 415

461 763 510 828 Ut
520 761 631 827 sanies
643 773 788 853 purgata
800 753 903 842 vado,
917 759 1148 855 membrisque
1159 785 1316 830 reversus

414 873 534 938 Mortis
547 869 673 952 honos,
688 871 803 962 ignem
814 872 948 939 miserm
959 888 1037 964 post
1047 871 1167 940 ultima
1179 890 1339 968 quaerunt

393 1007 396 1014 ·
415 981 555 1050 Oscula:
571 979 631 1050 sed
643 978 763 1072 gelida>
776 982 905 1050 circum
917 985 1158 1080 exanimesque
1170 984 1294 1054 lavillae

417 1092 577 1160 Putribus
590 1095 625 1158 in
637 1092 759 1175 foveis,
771 1108 874 1186 atque
886 1095 1000 1160 omnia
1013 1091 1113 1162 busta
1126 1096 1315 1189 quiescunt.

414 1203 531 1276 Stabat
544 1202 656 1273 adhuc
668 1229 729 1272 seu
740 1205 827 1272 forte
839 1228 958 1296 rogus,
972 1229 1032 1274 seu
1043 1209 1183 1276 numine
1195 1210 1334 1290 Divum,
1368 1221 1422 1289 420

414 1319 477 1386 Cui
490 1333 619 1386 torrere
630 1315 749 1384 datum
761 1341 869 1385 saevos
882 1316 1058 1387 Eteocleos
1068 1335 1182 1404 artus,

329 1497 332 1506 ,
415 1432 491 1500 Sive
505 1428 619 1497 locum
632 1431 792 1496 monstris
805 1431 927 1496 iterum
938 1428 1075 1498 fortuna
1086 1431 1244 1524 parabat,

415 1545 481 1610 Seu
493 1537 704 1609 discessuros
716 1555 908 1608 servaverat
919 1541 1080 1608 Eumenis
1093 1543 1199 1634 ignes.

369 1767 443 1818 nium
459 1763 630 1818 Metrodorus
648 1766 786 1838 Scepsius,
804 1765 877 1818 circu
958 1766 1019 1837 417.
1038 1765 1132 1820 Mortis
1150 1766 1238 1820 honos.
1255 1765 1358 1832 Pallor,
1378 1769 1425 1840 qni

369 1846 427 1915 ejus
439 1843 540 1897 fontem
552 1844 631 1896 arbor
646 1845 729 1898 multa
741 1847 774 1900 sit
787 1848 877 1918 picea,
921 1848 1070 1916 estsignnm
1077 1844 1317 1900 mortis-Ultima
1325 1843 1423 1898 oscula.

370 1941 427 1996 qne
441 1922 527 1975 Padus
544 1921 646 1976 Gallice
663 1925 769 1979 dicitur.
790 1925 877 1977 Hodie
919 1925 959 1976 lta
973 1927 1105 1996 corippus
1119 1924 1153 1976 de
1165 1927 1221 1996 jam
1237 1923 1426 1996 componendo

370 2005 418 2057 Po.
436 2002 558 2068 Proluit,
577 2017 607 2056 ut
625 2005 663 2056 ait
681 2005 792 2070 Plinius,
809 2006 875 2057 llist.
921 2004 1055 2055 anstino
1071 2005 1235 2070 tauriniano,
1249 2001 1295 2056 lib.
1308 2005 1353 2056 lll.
1369 2007 1427 2057 «Ut

369 2085 431 2135 Nat.
443 2084 491 2150 lll,
503 2102 562 2154 cap.
576 2099 622 2152 19,
635 2084 665 2149 3,
676 2086 776 2156 gremio
785 2084 876 2136 Venuli
920 2083 981 2134 Pius
1000 2081 1150 2152 ingrediens
1166 2101 1263 2155 corpus
1277 2083 1428 2138 venfflile

369 2164 486 2229 montis,
506 2162 680 2215 celsissimum
701 2167 728 2215 in
748 2181 876 2216 cacumen
920 2160 1002 2227 vidit,
1021 2161 1146 2214 Incubuit
1166 2162 1323 2229 lacrimans,
1346 2178 1429 2236 atquc

369 2240 477 2313 Alpium
489 2241 565 2306 elati,
578 2241 674 2294 finibus
685 2243 810 2315 Ligurum
822 2244 877 2294 Va·
921 2241 1013 2293 oscula
1034 2240 1129 2312 frigida
1151 2245 1249 2315 carpsit
1268 2245 1355 2296 Dirini
1378 2246 1429 2296 Pa-

369 2325 527 2394 giennorum
541 2322 651 2375 visendo
663 2326 736 2376 sonte
748 2325 817 2393 (non
831 2325 877 2396 qni
921 2323 981 2385 tris,
993 2319 1131 2393 verbisque
1143 2321 1294 2376 dolentibus
1307 2325 1402 2396 inquit.
1411 2345 1425 2370 ι

369 2402 481 2472 proprio
495 2403 532 2451 sic
548 2404 655 2454 nomine
669 2402 770 2470 dictus,
785 2417 813 2454 ut
830 2421 877 2474 pn·
921 2401 988 2452 Vide
999 2419 1031 2452 eo
1041 2398 1102 2454 loco
1112 2402 1307 2455 Commentaria
1318 2403 1428 2476 Demps·

371 2491 410 2530 tat
423 2475 557 2546 leander,
577 2479 623 2531 sed
642 2483 686 2552 qui
704 2484 761 2533 visu
782 2481 878 2554 dignus
922 2483 980 2534 teri.
993 2482 1033 2533 De
1044 2482 1137 2535 iisdem
1145 2482 1281 2550 Tibullus,
1293 2484 1339 2536 lib.
1350 2485 1376 2548 l,
1385 2483 1427 2536 El.

372 2571 411 2610 est
426 2571 451 2609 et
463 2556 655 2624 admirabilis),
666 2559 811 2633 conditque
822 2581 879 2613 sese
926 2576 949 2628 1,
961 2559 1011 2612 611
1032 2560 1139 2613 «Flebis
1157 2576 1184 2615 et
1200 2581 1292 2616 arsuro
1309 2567 1429 2636 positum

372 2637 512 2704 cuniculo,
542 2650 568 2688 et
594 2640 622 2689 in
649 2639 879 2692 Furoribiensium
923 2639 1159 2706 me,Delia‚lecto
1171 2644 1301 2697 Tristibus
1310 2657 1335 2697 et
1348 2641 1429 2696 lacti-

372 2735 437 2789 1310
460 2717 555 2768 iterum
577 2719 711 2782 exoriens,
735 2717 799 2770 nulli
824 2739 879 2771 am·
922 2720 971 2771 mis
984 2718 1077 2770 oscula
1091 2721 1171 2771 mixta
1184 2719 1290 2774 dabis.»
1305 2722 1402 2773 Β111111.

372 2797 447 2848 nium
458 2793 579 2848 claritate
590 2797 714 2848 inferior:
726 2816 757 2849 ac
770 2817 820 2869 per
830 2817 879 2850 an·
958 2799 1020 2868 419.
1043 2800 1168 2852 Patribus
1189 2801 1217 2852 in
1229 2801 1328 2873 foreis,
1350 2813 1431 2875 atque

372 2889 463 2946 gustas
474 2893 505 2927 ac
515 2876 686 2945 confragosus
696 2895 789 2947 rupes,
799 2892 824 2930 et
835 2897 880 2929 an·
924 2879 1014 2929 omnia
1029 2878 1102 2931 busto
1113 2881 1254 2952 quiescunt.
1268 2881 1389 2934 Patribus
1399 2883 1431 2934 itt

371 2968 462 3026 gnatas
481 2955 617 3026 scopulosi
632 2957 728 3007 montis
747 2956 879 3010 convalles
919 2957 997 3030 soliis
1029 2977 1099 3014 unus
1132 2959 1224 3012 Bebot.
1260 2962 1433 3035 ambustoque

373 3035 881 3106 praecipitat,multaquevilertur.An·
924 3038 1038 3092 membro
1059 3039 1194 3112 quieseunt
1212 3040 1309 3094 Buslid.
1333 3056 1358 3095 et
1377 3046 1431 3095 Ve-

373 3128 437 3184 gent
452 3117 555 3186 ipsum,
574 3130 668 3186 praeter
683 3115 776 3168 fluvios
790 3120 879 3188 ipsos,
924 3130 988 3170 nett.
1007 3129 1086 3190 atque
1105 3121 1195 3171 omnia
1209 3121 1279 3174 busta
1293 3123 1432 3194 quieseunt

372 3195 478 3268 liquatae
492 3197 579 3262 nives,
596 3196 675 3268 idque
691 3197 726 3250 ad
740 3199 819 3250 Canis
835 3217 880 3250 or·
925 3199 951 3248 in
966 3201 1065 3250 ceteris
1080 3198 1158 3250 codd.
1176 3213 1203 3251 et
1218 3199 1278 3252 edd.
1297 3202 1430 3254 omuibus.

373 3287 431 3339 tus,
446 3294 496 3326 nec
509 3293 589 3346 quum
602 3277 743 3327 torrentior
756 3289 808 3340 est,
825 3289 880 3327 tam
928 3277 1016 3329 nMale
1025 3276 1182 3330 sollicitatur
1191 3278 1330 3333 ltaeclectio
1339 3299 1353 3332 a
1363 3295 1432 3333 vete·

374 3355 483 3424 navigiis
500 3354 611 3405 infestus
631 3368 683 3418 est,
701 3372 780 3425 quarn
795 3356 879 3426 agris,
924 3357 997 3409 ribus
1016 3357 1096 3411 libris.
1116 3361 1274 3412 Nostrorum
1293 3361 1431 3426 nonnulli,

375 3437 429 3505 qno
441 3434 484 3498 tit,
497 3446 527 3484 ut
538 3446 669 3504 perpetuo
682 3434 832 3485 accolarum
844 3434 881 3486 la·
925 3450 950 3490 et
972 3440 1067 3490 circum
1092 3439 1164 3492 busto
1186 3442 1334 3512 quieseunt‚·
1357 3440 1434 3514 qnod

373 3511 441 3565 bore
455 3515 587 3583 utrimque
601 3512 740 3584 aggeribus
755 3531 881 3566 coercea·
902 3503 908 3512 ’
926 3536 974 3568 nec
993 3519 1080 3590 ipsum
1103 3531 1191 3571 tumen
1211 3519 1319 3590 vulgato
1337 3521 1435 3592 praele-

375 3606 426 3643 tur.
437 3595 475 3643 lta
488 3591 574 3644 Padus
584 3593 678 3644 multas
691 3591 769 3644 urbes
779 3605 882 3663 preter·
926 3615 1013 3648 rum·
1034 3597 1131 3648 Btnrtt.
1143 3596 1313 3651 -Purn'ouc
1328 3597 1434 3652 Caden-

375 3671 466 3743 lapsus
477 3686 578 3743 septem
591 3675 678 3738 ostiis,
695 3687 724 3724 ut
738 3673 881 3727 Sabellicus
927 3689 953 3726 te
972 3676 999 3726 in
1021 3675 1138 3728 cinerem
1150 3674 1281 3746 lignorum
1300 3690 1434 3730 eductura

375 3768 402 3806 et
424 3753 523 3807 Plinius
541 3767 649 3820 notant,
670 3757 697 3807 in
718 3755 882 3808 Adriaticum
928 3755 1077 3824 quiescunt.
1090 3757 1219 3806 Lacrtrr.

376 3851 448 3885 mare
470 3852 497 3885 se
517 3848 658 3900 exonerat,
677 3833 820 3887 deferendo
840 3854 882 3888 se·
963 3834 1024 3900 410.
1032 3835 1083 3886 Seu
1084 3834 1229 3904 forte.Sive
1238 3837 1377 3902 cutu‚sire
1385 3853 1434 3888 ro·

376 3930 438 3964 cnm
449 3914 556 3981 triginta
567 3932 679 3966 numero
692 3915 809 3966 flttmind.
928 3912 1029 3964 luntate
1041 3913 1167 3964 Deorum.

412 3990 474 4058 415.
487 3991 589 4044 Flentes
600 3993 679 4045 silvoe.
687 3995 794 4046 Sorores
803 3992 883 4046 Phae·
963 3994 1024 4060 411.
1046 3996 1094 4046 Cui
1110 4007 1204 4046 torrere
1217 3995 1314 4046 dutum.
1329 3994 1436 4049 Suban-

377 4069 479 4124 tbontis
493 4072 520 4122 in
537 4071 651 4142 populos
664 4091 710 4124 sen
722 4071 799 4122 alnos
815 4090 884 4124 con·
929 4074 969 4128 dis
994 4074 1116 4148 Pyrrhe,
1140 4078 1185 4129 cui
1209 4095 1366 4129 concessum
1394 4092 1437 4130 est

377 4169 467 4204 verse.
479 4152 599 4204 —Stont
612 4153 717 4203 circum
731 4152 791 4201 llaec
803 4150 884 4203 verba
928 4171 1005 4206 urere
1019 4153 1148 4206 cadavere
1162 4168 1334 4208 mortuorum.
1354 4154 1435 4209 Lim.

379 4233 554 4284 mutationem
564 4231 716 4283 celeriorem
726 4229 850 4283 reddunt.
965 4233 1025 4302 413.
1043 4235 1094 4286 Seu
1112 4234 1268 4288 discessuros.
1281 4235 1317 4286 Ut
1333 4232 1438 4287 Seneca
