3284 5162
422 601 489 691 39⁰
657 603 693 664 P.
719 603 755 665 P.
781 600 936 668 S'l'dl'll
960 598 1234 666 nnunttnos

463 729 739 819 Conversumque
746 721 830 818 jugo
842 724 1000 818 propellit
1012 727 1135 792 Ariona
1147 751 1155 791 τ
1169 721 1278 819 qualis

464 839 638 906 Demissus
649 860 752 906 curru
763 836 856 906 laevae
868 853 946 932 post
956 839 1094 930 praemia
1106 838 1206 905 sortis
1266 861 1268 868 ·

463 945 669 1015 Umbrarum
680 945 1007 1040 custos‚muudique
1020 949 1220 1014 novissimus
1230 943 1338 1014 baeres
1410 957 1462 1026 446

463 1056 599 1140 Palluit,
612 1059 736 1125 amisso
747 1060 885 1126 veniens
900 1060 934 1126 in
946 1061 1087 1125 Tartara
1099 1055 1195 1124 eaelo.

511 1172 586 1234 Non
597 1183 711 1236 tamen
722 1165 863 1236 indulsit
873 1191 1010 1262 pugnae,
1024 1183 1247 1262 cunctataque
1259 1168 1370 1260 primo

464 1279 616 1350 Substitit
626 1281 661 1346 in
673 1280 815 1363 scelere,
828 1296 861 1348 et
873 1279 1025 1373 paullum
1037 1280 1171 1348 fortuna
1182 1295 1311 1348 morato
1322 1295 1385 1348 est.

464 1390 517 1455 Bis
529 1412 632 1458 casste
644 1391 773 1484 periere
785 1393 847 1458 viae
859 1417 866 1458 ε
879 1391 931 1458 bis
942 1393 1095 1459 cominus
1107 1405 1201 1458 actos

463 1500 591 1565 Avertit
602 1499 711 1567 bonus
726 1523 820 1568 error
831 1523 954 1596 equos,
967 1523 1130 1594 puraeque
1141 1497 1279 1568 nefandi
1410 1510 1462 1579 lto

464 1609 640 1706 Sanguinis
652 1608 796 1706 obliquis
807 1611 1000 1680 oeciderunt
1011 1609 1131 1678 ictibus
1143 1608 1261 1678 hastae.

462 1715 624 1785 Tendunt
636 1718 730 1788 frena
738 1743 859 1802 manu,
871 1737 905 1789 et
916 1723 1012 1790 saevis
1024 1719 1208 1788 balearibus
1221 1733 1343 1812 urgent

464 1831 652 1897 Immeritos
667 1858 674 1898 ε
687 1847 800 1900 movet
811 1848 845 1899 et
856 1832 1005 1923 geminas
1016 1830 1204 1899 miserabile
1217 1832 1341 1898 Divum

462 1939 655 2032 Prodigium
667 1941 1021 2036 turmas‚alternaque
1032 1965 1207 2009 murmura
1218 1939 1362 2008 volvunt

458 2055 1251 2146 Mussantes;iterareaciem‚procurreresaepe
1411 2059 1462 2128 455

415 2317 520 2372 semper
540 2301 618 2353 luerit
633 2302 684 2354 iste
700 2301 803 2353 Adrasti
822 2320 914 2372 equus.
957 2302 1059 2372 posuit.
1073 2301 1214 2352 Ternarius
1228 2311 1317 2351 autern
1329 2298 1396 2352 solet
1408 2317 1463 2352 ren

413 2379 457 2432 Sic
469 2377 569 2432 hebent
582 2393 608 2433 et
618 2382 701 2432 nostri
713 2381 767 2434 duo
778 2382 851 2448 libri,
868 2401 916 2435 nec
959 2381 1106 2451 perlectam
1118 2393 1273 2450 prunotore.
1286 2379 1344 2430 Vet.
1356 2377 1444 2432 Sebol.

415 2475 469 2508 uon
481 2459 639 2527 Bebottiaoi,
649 2473 674 2511 et
683 2461 916 2531 receperuntidem
996 2461 1056 2528 450.
1066 2460 1100 2513 A.
1112 2461 1135 2512 b.
1148 2479 1170 2512 e.
1181 2478 1204 2510 e.
1214 2477 1336 2532 pureque
1345 2457 1463 2530 nefandi.

414 2536 593 2608 lindenbrog.
609 2553 634 2591 et
648 2539 752 2592 Gerart.
765 2543 861 2592 ΒΑΜ.
960 2541 1028 2592 Dan.
1042 2557 1164 2612 paresque
1178 2537 1295 2610 nefandi.

451 2616 512 2685 444.
524 2618 852 2690 Laeuoepostproemiasortis
860 2620 919 2672 Um·
997 2619 1058 2687 ⁴5².
1071 2621 1194 2672 Tendunt
1198 2617 1278 2689 frena
1285 2635 1380 2679 manu,
1389 2626 1466 2670 etsoe·

415 2701 518 2752 brorum
528 2709 617 2754 custos.
626 2701 721 2770 Tangit
729 2699 856 2764 fabulam,
865 2719 918 2771 que
963 2701 999 2753 uis
1010 2699 1150 2752 calcaribus
1162 2707 1254 2772 urpent
1262 2699 1325 2766 lieg.
1338 2698 1358 2748 tt
1370 2695 1465 2764 babet,

412 2781 700 2850 Juppitenlleptunus,
709 2793 735 2832 et
744 2781 916 2834 Plutororbeni
964 2780 1086 2832 Tendunt
1091 2779 1171 2852 frena
1185 2798 1279 2843 mauu,
1294 2778 1365 2831 soeuis
1379 2777 1466 2830 ealon-

414 2860 481 2910 inter
495 2877 523 2911 se
537 2873 607 2910 sorte
620 2858 738 2912 divisisse
750 2859 875 2911 dicuntur
891 2871 917 2911 et
962 2861 1029 2913 ribus
1041 2874 1146 2936 uryentt
1157 2863 1220 2932 lleg.
1232 2859 1253 2912 C
1263 2873 1332 2912 nost.
1342 2857 1404 2912 leot.
1416 2861 1463 2912 lin.

413 2939 515 2990 loferos
524 2939 628 2990 Plutoni
637 2938 857 3010 obtigisseboeva
866 2956 918 2992 tots
997 2943 1057 3009 453.
1080 2947 1102 2997 1.
1122 2963 1157 2995 m.
1176 2961 1198 2994 e.
1214 2963 1239 3017 p.
1258 2941 1404 2993 miserabile
1418 2941 1465 2993 Di·

413 3031 514 3085 antern‚
529 3021 590 3090 quia
605 3022 687 3091 pejor.
962 3041 1030 3075 uum.
1041 3027 1154 3096 Optimae
1165 3022 1261 3074 barthii
1270 3019 1429 3072 membranei
1438 3033 1466 3072 et

448 3099 508 3168 447.
518 3102 582 3152 Non
595 3111 680 3151 tamen
693 3099 802 3152 indulsit
809 3117 913 3171 pupiue.
959 3115 1071 3174 uterque
1085 3101 1188 3155 Bebott.
1203 3099 1347 3153 venerabile
1358 3102 1464 3153 nisum.

412 3179 911 3232 lnvitafortunaconsentitfratrieidio.
959 3211 995 3220 —-
1011 3184 1091 3252 llegg.
1111 3183 1131 3232 B
1149 3195 1175 3232 et
1191 3181 1213 3234 C
1231 3180 1301 3232 bene
1319 3179 1464 3232 lectionem

447 3260 509 3328 448.
527 3261 642 3312 Substitit
654 3261 681 3312 iu
693 3260 793 3312 scelere.
808 3261 917 3313 Sustulit
960 3260 1092 3314 exhibent.
1106 3266 1152 3316 En.
1163 3292 1198 3302 —
1208 3261 1356 3314 Mt'sernlrile
1365 3260 1464 3313 Diutius

411 3340 438 3390 iu
459 3338 550 3391 scelere
569 3342 636 3390 Dan.
655 3369 692 3378 —
707 3340 832 3391 Substitit.
852 3341 914 3390 Non
959 3341 1120 3415 Prodipium.
1141 3340 1170 3393 ld
1189 3354 1244 3405 est,
1262 3341 1355 3392 fratres
1375 3357 1465 3392 seeum

410 3421 495 3489 primo
507 3433 605 3472 conatu
620 3418 703 3469 voluit
720 3419 870 3488 permittere
882 3420 914 3470 iis
958 3421 1069 3472 invicem
1078 3419 1242 3483 dimicantes,
1253 3417 1326 3490 quod
1334 3420 1464 3472 internit-

410 3497 515 3548 eodeni.
537 3527 574 3538 -
595 3496 720 3548 Paullum
744 3509 846 3550 moratu
869 3511 912 3551 est.
955 3503 1016 3570 jore
1030 3499 1169 3571 prodigia,
1185 3498 1280 3570 quibus
1294 3499 1337 3549 Dii
1352 3500 1418 3550 iram
1433 3500 1463 3551 in

408 3578 492 3626 Etiam
502 3590 558 3627 turn
571 3577 686 3647 spatium
700 3574 866 3630 deliberandi
876 3580 914 3630 eit
959 3577 1079 3634 homines
1103 3581 1264 3656 significant,
1284 3597 1464 3632 annumeran-

409 3654 569 3706 eoucedeus.
959 3658 1022 3710 dum
1035 3673 1100 3712 erat.

444 3733 504 3802 449.
520 3735 550 3786 Β.
562 3752 582 3784 c.
590 3754 618 3806 p.
631 3753 653 3785 o.
665 3733 701 3786 bis
709 3733 912 3788 comiuutectot.
994 3737 1055 3804 454.
1068 3738 1219 3810 Prodiqium
1227 3749 1338 3801 tumens,
1348 3734 1464 3789 alemu-

405 3817 436 3865 ln
459 3814 553 3866 eodem
576 3817 641 3866 Dan.
665 3813 774 3866 codiee:
796 3815 912 3868 consinus
956 3837 1005 3889 que
1017 3837 1151 3871 munuum
1166 3817 1282 3870 uoluunt.
1297 3817 1361 3887 lleg.
1379 3815 1463 3868 libe-

404 3903 492 3954 actus,·
504 3896 560 3944 Put.
572 3893 688 3946 cominus
697 3894 880 3964 ictus.-lleg.
892 3896 911 3944 ll
956 3897 1017 3962 bet,
1029 3899 1061 3950 P.
1075 3911 1093 3949 t.
1108 3897 1246 3970 alienoque
1257 3915 1392 3950 mumtuta
1404 3895 1464 3950 vol-

404 3970 485 4026 babet
504 3971 573 4026 bane
592 3974 711 4026 ultimum
729 3973 790 4025 lect.
807 3975 871 4045 Reg.
891 3975 912 4026 C
956 3986 1027 4027 uuut.
1040 3978 1104 4052 Rep.
1117 3975 1139 4026 C
1150 3989 1220 4028 nost.
1234 3974 1294 4027 lect.
1307 3973 1461 4028 Bru—Vide

404 4067 472 4106 nost.
486 4053 547 4106 lect.
561 4055 701 4106 Eun—Bis
711 4072 794 4106 eassoe.
807 4055 909 4105 Notou·
956 4067 1020 4104 torn.
1033 4055 1058 4118 1,
1071 4071 1129 4124 pag.
1145 4052 1197 4121 694
1209 4054 1274 4106 Stat.
1289 4065 1359 4104 nost.
1378 4051 1425 4104 llo.

402 4129 465 4184 duni
481 4131 606 4203 esttputl
621 4132 909 4205 poetnsbuncnume·
991 4131 1051 4199 455.
1076 4134 1236 4184 Mussoutesr
1257 4131 1348 4183 iterare
1367 4130 1461 4182 ueiens.

402 4229 461 4262 rum
482 4231 538 4263 esse
559 4213 595 4262 rei
617 4231 671 4263 non
690 4211 829 4282 perfectu,
851 4230 908 4284 quie
954 4211 1013 4262 Pur.
1030 4211 1122 4263 iterare
1139 4210 1330 4278 acies—Reg-
1347 4209 1367 4259 B
1382 4206 1463 4259 babet

399 4291 601 4362 procurabatur.
618 4291 656 4341 lta
670 4288 714 4341 hie
730 4290 811 4341 etiarn
826 4291 905 4342 Poeta
955 4289 1032 4343 bane.
1046 4291 1105 4342 lect.
1120 4291 1184 4360 lieg.
1199 4291 1358 4343 Gnosium.
1370 4287 1463 4340 En.-
