3230 5168
397 555 457 598 102
629 533 664 596 P.
691 533 726 594 P.
753 531 906 596 STATll
931 532 1205 600 THEBAIDOS

439 663 495 726 Me
508 655 735 754 quoquezsed
746 657 840 726 durae
851 658 969 726 melior
980 659 1139 728 violentia
1150 661 1244 753 legis.
1402 678 1436 729 60

439 775 498 836 Ast
510 789 572 860 ego
585 771 639 844 vix
652 792 777 850 unum,
793 793 856 836 nec
867 768 955 837 celsa
966 769 1009 836 ad
1022 769 1147 854 sidera,
1162 771 1253 838 furto

440 887 550 947 Ausus
563 861 643 962 iter,
655 877 765 948 Siculo
778 883 875 972 rapui
886 879 1056 948 connubia
1062 883 1204 974 'campm

440 995 508 1058 Nec
519 989 654 1058 licuisse
665 991 795 1074 ferunt,
808 989 1008 1086 injusteque
1019 991 1061 1060 eb
1073 997 1156 1060 Jove
1168 993 1257 1086 leges

439 1103 613 1184 Protinus,
626 1121 660 1169 et
671 1119 800 1170 sectum
812 1105 955 1194 genitrix
966 1102 1048 1171 mihi
1060 1119 1233 1196 computat
1244 1127 1382 1172 aunum.

429 1313 473 1366 60.
492 1315 539 1366 Me
549 1333 658 1386 quoque.
674 1315 782 1368 Flexum
795 1315 894 1370 scilicet
938 1330 1045 1370 ventam
1060 1320 1179 1388 vesperi,
1198 1320 1225 1370 iu
1243 1319 1324 1372 Enna
1342 1314 1438 1367 finibus

394 1406 475 1447 cantu
484 1391 593 1464 Orphei.
603 1393 654 1446 Sed
663 1395 733 1448 duroe
742 1393 896 1446 meliorvio·
939 1415 1024 1468 prope
1048 1399 1159 1467 Perguru
1181 1395 1269 1448 lacum
1295 1395 1438 1447 amoenissi-

396 1472 478 1525 ientia
490 1471 561 1544 leqis.
576 1473 670 1546 Iaeqem
681 1471 725 1524 bic
738 1475 896 1546 interprete·
941 1493 1028 1538 tuum,
1048 1474 1171 1528 vehiculo
1191 1492 1271 1546 super
1286 1475 1438 1545 impositum

395 1563 439 1602 tttr
450 1550 604 1604 Lactantius
616 1552 796 1604 conditionem
812 1555 897 1625 impu·
941 1555 1042 1606 avexit:
1056 1568 1188 1626 raptorem
1201 1574 1261 1606 cum
1278 1567 1439 1606 armatorum

395 1631 474 1680 sitam
484 1628 613 1700 Orpheo,
626 1649 661 1682 ue
675 1633 816 1702 respiceret
828 1651 896 1684 uxo·
941 1636 1035 1686 turmis
1047 1635 1124 1688 Ceres
1136 1636 1318 1708 persequitur,
1329 1635 1373 1706 qui
1382 1634 1440 1685 vite

395 1729 465 1777 rent,
479 1723 623 1781 autequam
634 1709 668 1762 ad
680 1711 795 1782 Superos
806 1729 897 1782 perte·
943 1731 994 1765 sue
1015 1715 1125 1782 timens,
1145 1728 1171 1766 et
1191 1713 1284 1786 prsedae
1300 1711 1441 1765 retinendas

396 1789 474 1840 niret.
493 1789 610 1841 Mentem
621 1791 702 1861 igitur
713 1807 786 1842 esser
803 1791 898 1843 Melior
942 1811 1015 1866 spem
1027 1793 1167 1864 abjiciens,
1175 1811 1258 1864 equos
1267 1811 1315 1865 per
1324 1791 1441 1844 medium

395 1868 899 1940 fnitlex,quamegoipsePlttto;nant
942 1873 1029 1924 lacum
1054 1873 1178 1946 impulit,
1201 1875 1276 1946 cujus
1302 1871 1441 1943 profundis
1521 1883 1524 1890 ’

397 1947 538 2000 dulcedine
558 1960 654 2001 cantus
673 1951 757 2001 victus
779 1966 851 2014 sum,
868 1961 898 2001 ut
942 1951 1113 2024 voraginibus
1127 1967 1238 2024 uterque
1253 1951 1388 2004 demersus
1401 1953 1442 2001 in·

396 2027 507 2098 Orpheo
527 2030 671 2099 conjugem
691 2027 828 2081 redderem
840 2049 856 2088 :1
869 2042 898 2080 ut
942 2034 1020 2084 teriit.
1040 2034 1134 2086 Postea
1153 2030 1248 2084 solatio
1266 2033 1371 2097 matris,
1386 2031 1442 2082 Eu-

398 2125 553 2161 concessam
573 2108 711 2178 perderet,
729 2108 898 2161 inclementia
943 2130 1036 2164 nenses
1051 2111 1085 2164 ab
1097 2110 1371 2164 inferorum'Plntone
1383 2128 1443 2180 rap·

397 2187 464 2259 legis
474 2188 598 2242 obtinuit.
612 2191 668 2260 Ego
678 2207 741 2241 vero
756 2189 836 2242 eredo
850 2207 899 2260 per
944 2204 997 2243 tam
1009 2188 1147 2243 finxerunt.
1158 2221 1193 2232 -
1204 2191 1260 2242 Nec
1276 2187 1342 2242 celsa
1359 2189 1393 2240 ad
1410 2188 1445 2240 si-

397 2269 491 2320 derum
507 2267 589 2340 leqem
602 2266 713 2337 intelligi
729 2267 830 2338 legem,
846 2285 899 2340 que
944 2273 1012 2324 dero.
1026 2270 1098 2323 Nihil
1111 2284 1293 2325 aususcontra
1302 2269 1397 2322 sidera.
1409 2297 1445 2308 ·-·

399 2345 523 2398 mnibus
533 2344 901 2411 hominbunmssmstmor-
944 2350 1032 2404 Siculo
1044 2369 1146 2423 eampo.
1159 2350 1300 2402 Pausanias
1316 2363 1403 2402 tamen
1417 2348 1445 2398 in

399 2426 438 2476 tui
449 2423 711 2488 sunt,iuterdictunt
720 2424 805 2477 estad
820 2427 901 2476 vitant
945 2431 1038 2481 Atticis
1061 2427 1168 2494 scribit,
1192 2427 1281 2480 locum
1304 2424 1446 2498 quemdam

399 2502 493 2556 redire.
513 2502 630 2554 dientem
645 2505 725 2572 igitur
738 2521 795 2556 esse
809 2525 815 2554 ε
829 2504 903 2556 licet
947 2511 1004 2560 esse
1011 2512 1086 2578 juxta
1093 2505 1348 2578 Cephisumamnem
1355 2505 1382 2556 iu
1390 2503 1447 2554 13oe-

399 2581 524 2652 Orpheus
541 2599 558 2632 a
573 2599 617 2634 me
632 2579 778 2634 obtinuerit
788 2581 903 2633 redit-tun
947 2587 1010 2652 otia,
1021 2607 1032 2632 s
1042 2581 1199 2658 Capnficum
1207 2584 1387 2646 nominatum,
1396 2598 1447 2654 qua

401 2663 503 2726 ueris,
515 2661 611 2712 iortior
621 2675 709 2713 tamen
720 2663 769 2713 fait
781 2660 821 2714 lert
832 2679 903 2712 corn·
948 2666 1019 2716 lama
1040 2677 1108 2729 erat,
1129 2662 1268 2716 Plutonem
1290 2681 1351 2713 cum
1371 2675 1448 2732 rapta

401 2740 823 2814 munis,eliectumquecstea,ut
832 2741 905 2816 quod
942 2746 1103 2816 'Proserpina
1119 2744 1146 2794 in
1158 2743 1260 2794 lnieros
1271 2740 1448 2794 descendisse.

403 2843 452 2896 eqo
467 2825 565 2893 injuste
575 2827 763 2896 permiserant,
775 2841 827 2876 uon
839 2843 905 2876 oon·
984 2823 1027 2889 64.
1042 2821 1075 2873 Et
1084 2831 1178 2875 sectum
1187 2821 1301 2893 qenitrix
1310 2819 1377 2872 milti
1383 2840 1451 2873 com·

402 2907 531 2974 tingeret,
542 2903 699 2976 Eurydicen
712 2903 813 2957 scilicet
824 2902 859 2955 ad
868 2905 905 2955 vi-
948 2909 1025 2973 putat
1034 2917 1143 2951 oenum.
1156 2899 1247 2964 Ceres,
1263 2897 1309 2950 ubi
1321 2899 1451 2968 comperit

405 2997 459 3034 tam
473 2982 567 3035 redire.
950 2979 1090 3032 Plutonem
1109 2975 1189 3028 filiam
1206 2977 1341 3047 rapuisse,
1358 2989 1450 3046 questa

440 3061 489 3126 61,
503 3061 546 3112 62.
566 3061 613 3114 Ast
628 3081 675 3135 eqo
691 3064 735 3114 vix
745 3079 829 3112 unum
837 3099 845 3126 ,
860 3077 906 3111 nec
951 3075 990 3112 est
1005 3057 1077 3135 apud
1090 3061 1182 3110 iovem
1195 3055 1228 3110 d'e
1242 3058 1336 3129 injuria
1352 3056 1403 3110 sibi
1417 3057 1452 3108 fa·

404 3141 471 3194 celsa
479 3141 514 3193 ad
520 3143 615 3210 edua,
621 3143 697 3214 fimo
707 3143 791 3196 Ausus
800 3143 856 3207 iter,
867 3141 906 3194 Si·
952 3155 1007 3204 ctn,
1029 3154 1054 3191 et
1071 3140 1172 3210 rogavit
1191 3137 1265 3189 illum
1282 3149 1313 3188 ut
1328 3135 1378 3189 sibi
1398 3135 1452 3188 lilia

405 3222 464 3275 suls
476 3224 553 3296 rapui
567 3223 698 3274 connubia
714 3238 816 3292 campo.
831 3220 907 3271 attu-
952 3219 1125 3274 redderetur:
1147 3217 1191 3268 ille
1203 3216 1340 3288 respondit
1350 3219 1451 3287 justum

405 3301 445 3354 dit
457 3301 492 3353 ad
505 3301 640 3368 fabulam,
656 3317 708 3371 qua
722 3300 799 3352 Pluto
812 3299 908 3352 dieitur
953 3319 1022 3366 esse,
1035 3312 1066 3350 ut
1078 3297 1117 3350 illi
1130 3295 1183 3350 lilia
1195 3295 1364 3358 redderetur,
1378 3298 1400 3346 si
1414 3295 1452 3345 ni·

406 3384 526 3454 rapuisse
547 3381 729 3452 Proserpinam
752 3381 779 3431 in
803 3379 909 3446 Sicilia,
947 3380 989 3434 bil
1001 3379 1167 3450 degustasset
1178 3378 1204 3427 in
1217 3375 1324 3438 inferis;
1336 3375 1373 3425 sic
1383 3374 1453 3430 enim

408 3479 491 3532 quum
500 3459 579 3511 liores
590 3459 696 3531 legeret.
706 3457 909 3510 liancfabulatn
953 3460 1015 3511 fatis
1027 3457 1162 3510 decretum
1175 3473 1247 3508 esse:
1267 3473 1348 3528 quum
1365 3467 1454 3506 autent

406 3541 467 3595 inse
486 3539 613 3591 describit
634 3537 728 3590 Cicero
751 3541 779 3590 in
800 3540 909 3591 Verrem
954 3533 1456 3606 testimonioAscalapbicognitumfuis·

408 3621 463 3670 Vll.
479 3617 607 3681 Ovidius,
623 3617 732 3670 Metam.
747 3621 780 3684 V,
792 3631 819 3670 et
831 3618 910 3671 Clau·
955 3632 1009 3679 set,
1020 3615 1365 3689 bancaliquotmolipuuici
1373 3631 1454 3683 grana

407 3697 503 3748 dianus
517 3695 601 3748 tribus
613 3695 694 3750 libris.
710 3697 738 3750 ld
752 3715 801 3750 cur
813 3697 910 3752 eonfic-
955 3695 1117 3759 comedisse,
1129 3711 1190 3767 spes
1201 3695 1258 3764 ejus
1267 3691 1365 3744 reditus
1376 3689 1455 3741 matri

408 3789 480 3840 tum,
498 3775 624 3828 discimus
640 3796 670 3829 ex
687 3779 799 3830 Firmlco
816 3775 863 3830 lib.
877 3777 910 3830 de
954 3777 1096 3829 interclusa
1108 3773 1260 3826 videbatur:
1275 3771 1321 3824 sed
1332 3772 1456 3841 luppiter

407 3857 539 3926 Mysteriis
549 3869 575 3908 et
590 3857 726 3910 Erroribus
738 3859 910 3910 Proianarnm
956 3873 1029 3928 equa
1041 3855 1172 3909 sententia
1185 3851 1292 3916 statuit,
1306 3864 1335 3900 ut
1349 3853 1458 3902 Proser-

408 3932 575 4004 Religionum
591 3931 649 4008 capi.
663 3955 688 4006 γ’.
708 3937 798 3989 Plures
812 3955 910 4009 procos
954 3939 1017 4009 plna
1039 3935 1178 4008 quotannis
1202 3951 1246 3983 sex
1269 3947 1372 3980 menses
1395 3947 1456 3980 curn

409 4013 533 4068 babuisse
543 4018 741 4088 Proserpinam,
751 4033 777 4070 et
786 4021 909 4070 intereos
956 4017 1083 4080 Plutone,
1097 4031 1195 4086 sexque
1207 4029 1267 4064 cnm
1280 4023 1364 4060 matre
1379 4021 1455 4061 esset.

409 4093 517 4146 diuitem
534 4095 675 4165 quemdam
694 4100 838 4161 rusticum,
859 4115 911 4148 no·
956 4095 1064 4148 Ovidius
1083 4095 1148 4146 ltlet.
1163 4096 1196 4161 V,
1212 4091 1263 4157 564
1283 4103 1308 4143 ct
1327 4109 1382 4162 sqq.
1402 4091 1457 4139 «At

408 4177 480 4228 ruine
491 4176 645 4242 Plutonem
660 4181 707 4251 qui
717 4197 799 4251 quum
813 4181 910 4231 amoris
956 4177 1057 4230 medius
1082 4176 1223 4244 fratrisque
1244 4173 1284 4223 sui
1306 4182 1456 4239 moestaeque

408 4256 549 4327 impatiens
563 4278 662 4311 morum
683 4279 737 4311 non
756 4261 852 4326 ferret,
872 4261 911 4310 in·
957 4260 1054 4311 sororis
1068 4258 1200 4328 iuppiter,
1218 4273 1248 4305 cx
1263 4272 1337 4324 aequo
1351 4249 1456 4302 solvon-
