3272 5166
630 583 771 647 nrnnn
798 583 838 646 x.
1194 584 1258 672 329

210 806 212 810 ι
261 717 334 780 Non
348 735 410 804 ego
422 710 638 778 monstrifero
650 711 740 777 coitu
752 707 903 778 revoluta
915 712 1031 778 notavi

262 826 404 916 Pignora
413 877 422 907 ,
432 847 497 890 nec
509 838 588 888 nuto
600 823 714 914 peperi
726 821 858 888 funesta
869 837 1018 914 nepotes.

262 936 350 1022 Quid
363 922 486 1004 refert?
496 935 598 1004 habet
609 959 685 1003 ecce
697 957 777 1003 suos
785 940 938 1016 locusta,
951 934 1122 1028 ducesque

262 1050 519 1139 Regnantesque
530 1043 639 1112 videt:
653 1068 715 1112 nos
728 1068 816 1112 saeva
828 1042 959 1137 piacula
972 1043 1061 1113 bello
1158 1031 1162 1040 ’

263 1160 403 1233 Demus,
416 1172 455 1223 ut
465 1153 620 1236 alternis,
631 1154 741 1247 placet
751 1155 817 1224 hoc
828 1155 889 1222 tibi
900 1153 1051 1222 fulminis
1064 1169 1194 1234 auctor,
1211 1167 1262 1221 800

264 1263 503 1356 OEdipodionii
514 1281 645 1333 mutent
656 1263 845 1334 diademata
856 1264 987 1333 fratres.

264 1373 353 1460 Quid
364 1377 523 1468 Superos,
534 1369 732 1444 hominesve
744 1379 888 1469 queror?
899 1391 956 1456 tu,
969 1397 1056 1442 saeve
1068 1377 1261 1454 Menoeceu,

265 1489 317 1551 Tu
326 1485 1259 1578 miseramenteomnesproperastiexstinguerematrem.

266 1593 364 1663 Unde
375 1593 430 1662 hic
441 1599 560 1663 mortis
571 1601 687 1663 amor?
699 1620 776 1690 quae
788 1619 882 1663 sacra
894 1597 1025 1663 insania
1036 1599 1162 1663 menti?

264 1711 398 1792 Quosve
410 1730 472 1798 ego
483 1723 754 1800 conceptus,aut
764 1732 840 1802 quae
852 1706 940 1775 male
951 1709 1092 1800 pignora
1103 1704 1175 1774 fudi
1212 1718 1263 1770 805

256 1903 316 1972 796.
336 1903 397 1955 Non
412 1922 458 1977 eqo
471 1902 635 1976 mortstrifero
649 1905 718 1957 coitu
762 1903 814 1957 boc
827 1907 920 1973 refert,
932 1907 954 1956 ti
964 1921 992 1956 se
1002 1921 1050 1974 pro
1061 1904 1144 1956 classe
1156 1903 1263 1973 Pelasga

221 1982 336 2034 revoluta
347 1983 444 2034 notavi.
456 1981 558 2034 Bebott.
570 2000 594 2049 r,
603 1983 717 2054 2,Leng.
763 1986 844 2034 Arma
858 1983 947 2035 tulisse
961 1983 1081 2035 referti·
1098 1985 1131 2034 Et
1146 1981 1215 2034 alibi.

220 2060 316 2114 Buslid.
334 2060 412 2114 Aldd.
432 2061 516 2114 Colin.
537 2062 616 2114 Basit.
634 2063 718 2114 Plaut.
800 2079 860 2131 799.
870 2065 1064 2135 Requantesque
1074 2063 1155 2114 videt:
1167 2079 1212 2113 not
1220 2079 1264 2112 ur·
1292 2089 1303 2102 ·

220 2139 337 2192 revoluta
346 2143 441 2194 novavi
445 2163 455 2202 ,·
464 2143 531 2192 Dan.
542 2143 599 2192 Put.
607 2139 720 2193 Linden-
765 2142 910 2214 capicerio
919 2141 995 2194 bello.
1004 2142 1153 2195 Versueille
1162 2144 1190 2193 in
1199 2142 1262 2211 Reg.

220 2220 297 2290 breg.
320 2219 399 2272 Cruc.
420 2233 446 2272 et
469 2233 579 2272 recentt.
603 2220 720 2273 revolute
764 2221 1094 2276 Bdesiderntur2adeetin
1104 2221 1262 2292 reffero.

221 2301 318 2352 notavi.
332 2329 368 2340 -
379 2302 442 2370 fleg.
458 2301 478 2351 B
489 2299 585 2365 babet,
599 2301 662 2353 Non
673 2318 720 2372 eqo
799 2303 859 2356 800.
877 2303 986 2368 Demus,
1005 2300 1165 2367 renitentis,
1178 2299 1266 2373 placet

220 2377 475 2446 monstriferocultu
487 2378 603 2431 revoluta
616 2380 720 2441 nutavi‚·
765 2381 813 2432 boe
828 2381 873 2433 tibi
875 2378 1001 2452 fidmr'nis
1012 2393 1110 2432 auctor.
1123 2402 1134 2426 ι
1149 2379 1266 2432 Scribam

220 2460 284 2530 ch.
303 2460 338 2525 G,
356 2459 472 2510 reuoluta
489 2459 592 2511 novavi.
606 2487 642 2498 -··
657 2461 719 2512 Non
765 2455 1264 2511 attemtcumnostrisomnibustibris..

220 2555 268 2611 eqo
279 2536 443 2607 monstrifero
458 2537 527 2588 coitu
544 2535 660 2589 revoluta
675 2556 721 2589 no·
766 2539 861 2590 Btnru.
882 2542 921 2590 ltu
942 2537 1042 2591 hebent
1057 2535 1169 2589 'Eehottt
1189 2553 1212 2602 t,
1235 2553 1267 2603 α,

222 2617 276 2667 tavi
291 2614 425 2686 (novavi).
438 2616 534 2684 Tangit
551 2617 662 2666 Jocastae
677 2615 721 2666 sa·
766 2617 847 2688 Long.
860 2619 939 2668 Laur.
951 2614 1021 2668 Busl.
1033 2628 1059 2667 et
1069 2616 1185 2686 Liptinn.
1196 2625 1269 2665 actor

223 2692 720 2765 ctumqutefiiionupserut.-Novaut'.
766 2715 816 2766 pro
834 2706 925 2746 auctor
938 2693 1020 2746 hebet
1038 2711 1107 2744 unus
1125 2691 1217 2744 Behot.
1232 2721 1268 2731 —-

222 2775 272 2824 Pto
281 2775 411 2825 renovavi.
423 2773 495 2825 Sicut
506 2789 588 2843 cupra
600 2771 664 2823 dixit
677 2791 722 2824 no·
765 2773 880 2825 Alternis
895 2771 1010 2838 vicibus,
1027 2769 1054 2822 id
1072 2782 1129 2836 est,
1144 2769 1266 2820 vicissim.

223 2871 283 2904 uere
295 2871 407 2928 qrcqem.
420 2855 452 2904 Et
466 2851 591 2917 Ovidiut'‚
608 2853 678 2902 Fast.
695 2852 722 2917 1,
766 2883 802 2893 -
812 2852 904 2904 Placet
919 2852 967 2904 iroc
979 2851 1024 2903 titi
1032 2848 1157 2920 fidminie
1168 2858 1267 2899 auctor.

221 2951 248 2984 v.
260 2931 326 2984 622:
345 2935 485 3003 :Ingratos
497 2929 569 2984 nulia
584 2931 659 3002 prole
671 2950 722 2981 no·
767 2934 827 2983 Haen
853 2949 915 2982 curn
940 2929 1121 3001 indignatione
1148 2945 1267 2998 pronun-

223 3029 283 3064 rcre
295 3014 372 3064 viros.
383 3036 395 3060 ι
407 3010 523 3079 Quodin
534 3009 623 3062 liberis
632 3023 722 3082 patres
766 3010 863 3062 tiendo.
878 3012 986 3061 Veteres
1005 3010 1074 3060 enim
1093 3005 1181 3057 invehi
1199 3004 1268 3056 soie-

222 3092 325 3144 renasci
345 3091 505 3143 riderentur.
527 3119 563 3129 —
585 3088 720 3141 devoluta.
767 3087 869 3140 bentin
879 3091 1055 3158 Deoe,quum
1065 3086 1117 3158 piis
1125 3082 1268 3154 probisque

223 3171 265 3222 sie
276 3169 360 3222 Theb.
372 3172 400 3236 1,
411 3189 434 3221 v.
448 3169 514 3222 235:
529 3168 648 3239 OEdipus
660 3167 723 3219 dici·
767 3170 835 3220 maia
849 3170 983 3220 evenirent
990 3206 1000 3234 ,
1013 3165 1127 3236 malique
1138 3163 1218 3216 bonis
1230 3163 1269 3214 uf·

223 3260 268 3300 tur
282 3250 414 3318 apropios
428 3246 601 3300 revolutusin
615 3260 719 3298 0rtus.·
767 3247 886 3299 fluerent.
910 3245 1035 3318 Exempie
1057 3245 1155 3316 passim
1178 3243 1266 3294 obvia.

260 3344 319 3396 797.
339 3327 473 3400 Pignora,
485 3345 531 3376 nec
543 3336 613 3377 nato.
629 3323 738 3375 tNibil·
766 3327 808 3380 Sic
826 3325 947 3398 OEdipue
960 3325 1045 3378 Theb.
1064 3328 1092 3390 1,
1110 3344 1134 3376 r.
1153 3324 1201 3376 80:
1221 3345 1233 3369 ι
1243 3335 1270 3374 ct

222 3405 397 3472 mutandum,
411 3405 473 3457 licet
486 3407 512 3456 in
529 3404 634 3458 duobus
648 3403 722 3456 libris
766 3405 890 3459 videtista
897 3409 1014 3459 Deorum
1021 3403 1266 3476 ignavus'genitor.»

223 3504 277 3538 non
292 3487 384 3538 inscite
399 3483 493 3556 iegitur
505 3497 608 3538 notem
626 3485 721 3536 Brnrn.
803 3484 863 3538 801.
886 3484 1083 3554 OEdr'podionii.
1107 3479 1269 3553 OEdipodio-

260 3565 320 3633 798.
333 3563 401 3632 Quid
411 3563 505 3635 refert?
517 3562 592 3614 babet
602 3579 658 3614 ecce
667 3581 724 3614 suos
768 3567 836 3618 uide
847 3584 915 3618 unus
925 3565 1018 3616 Bebot.
1032 3563 1097 3615 aiter
1105 3559 1269 3614 Lindenhro·

223 3641 325 3692 Iocasta
341 3641 473 3711 ducesque.
493 3641 562 3710 Quid
572 3641 666 3712 refert?
674 3658 723 3711 po·
769 3645 804 3718 gii
817 3656 843 3696 et
854 3644 916 3695 Exn.
931 3645 1021 3696 Fabri,

225 3722 289 3772 τίων
298 3722 366 3773 nutis
375 3721 475 3773 Iocasta
487 3722 544 3771 Put.
556 3751 591 3759 —
601 3722 675 3772 Hanc
687 3719 723 3771 ie·
805 3725 864 3776 802.
886 3725 955 3794 Quid
974 3725 1103 3794 Superos,
1124 3721 1270 3772 hominesve

225 3802 341 3852 ctionem
355 3799 555 3870 habetnegn,
570 3799 724 3870 Reg.Cno-
769 3806 881 3877 queror?
902 3803 986 3857 Codd.
1008 3801 1160 3868 Burtltiani,
1184 3799 1269 3851 homi-

225 3891 314 3931 stram.
329 3909 364 3919 —
380 3880 450 3950 Quid
463 3878 558 3949 refert?
577 3878 653 3930 babet
668 3897 725 3930 ecce
771 3902 870 3956 nosque.

224 3976 281 4012 suos
292 3959 400 4011 Iocasta.
413 3957 495 4011 Simili
506 3955 635 4028 loquendi
644 3955 724 4009 ruodo
807 3960 866 4013 80⁵.
888 3961 934 4030 Qu.
953 3980 977 4012 e.
995 3979 1017 4012 c.
1035 3980 1060 4011 a.
1076 3975 1135 4032 quoe
1149 3957 1218 4009 male
1228 3957 1269 4029 pi·

225 4036 336 4090 Ovidius
349 4035 470 4110 pluribus
484 4037 511 4087 in
525 4035 590 4088 locic
608 4033 725 4106 Epistola
767 4057 850 4114 qnora
859 4038 933 4110 fudi.
949 4041 1031 4107 Leng.
1045 4036 1160 4109 Lipsinn.
1174 4037 1230 4086 rut.
1244 4048 1270 4086 ct

224 4114 342 4182 Paridis,
352 4135 376 4166 v.
390 4133 436 4167 nrt
449 4138 455 4168 ι
469 4114 563 4184 :Quid
573 4129 660 4166 temen
673 4114 724 4166 boc
770 4118 829 4170 edd.
842 4133 903 4170 vctt.
920 4117 991 4170 maia
1002 4120 1123 4191 piquora.
1140 4144 1172 4154 -·
1187 4112 1268 4164 Male.

226 4195 320 4260 refert,
334 4197 356 4246 si
371 4207 397 4246 te
413 4208 484 4246 tenet
497 4209 569 4248 ortus
585 4195 620 4246 ab
631 4195 682 4245 illis
691 4197 721 4244 i·
770 4199 827 4248 Hoc
838 4209 890 4260 est,
899 4196 1048 4258 infeliciter,
1057 4214 1116 4246 ureo
1127 4210 1221 4262 magno
1232 4190 1270 4244 itt·

225 4275 446 4340 Metum.Xlll,r.
458 4275 523 4329 268:
537 4275 627 4343 «Quid
637 4287 724 4328 tumen
770 4286 816 4326 ctu
837 4288 863 4326 et
882 4272 960 4325 niolo.
985 4276 1082 4324 Noster
1102 4270 1186 4322 Theb.
1205 4271 1271 4334 vlt,
