3272 5166
630 551 771 615 LIBER
797 551 838 614 X.
1193 553 1259 620 325

259 677 537 773 supplicibusque
551 676 649 744 furit:
664 701 734 744 non
747 679 926 771 quisquam
937 677 1100 746 obsistere
1112 697 1246 764 contra,

258 787 422 858 Nonbelli
433 803 563 856 tentare
574 789 663 856 vices
676 813 683 854 :
698 786 818 880 procul
830 813 923 856 erma
934 789 1093 872 furentis,

259 900 507 994 Terribilesque
515 897 631 991 jubas,
645 917 678 968 et
689 899 835 968 frontem
848 901 985 980 cassidis
997 901 1145 970 horrent.
1206 915 1256 984 755

305 1019 347 1080 At
358 1015 434 1106 pius
446 1010 551 1078 electa
563 1033 740 1078 murorum
752 1012 787 1077 in
799 1026 895 1103 perte
907 1016 1116 1094 Menoeceus,

258 1127 334 1190 dem
346 1145 439 1190 sacer
447 1119 609 1213 adspectu
620 1119 786 1214 solitoque
798 1123 1055 1212 angustiorore,

258 1238 326 1301 Ceu
338 1231 449 1301 subito
459 1233 495 1298 in
508 1247 613 1298 terres
626 1253 749 1322 supero
762 1229 927 1298 demissus
939 1230 982 1298 eb
994 1255 1071 1312 exe,

258 1344 429 1424 Constitit,
443 1356 574 1408 exemta
585 1337 783 1406 manifestus
795 1338 924 1408 casside
935 1343 1048 1423 nosci,

259 1452 483 1544 Despexitque
495 1452 581 1516 ecies
594 1447 790 1532 hominnm,
804 1467 837 1516 et
848 1449 993 1518 clamore
1005 1450 1174 1544 profundo
1206 1464 1256 1535 760

258 1565 433 1640 Convertit
441 1557 796 1654 campum,jussitqne
808 1560 937 1628 silentia
948 1559 1047 1629 bello.

309 1679 514 1740 «Armorum
525 1674 662 1762 Superi,
676 1688 779 1764 tuque
791 1695 812 1739 o
823 1675 882 1766 qui
893 1671 1012 1740 funere
1022 1689 1116 1740 tanto

258 1783 418 1876 Indulges
429 1785 529 1864 mihi,
543 1781 680 1865 Phoebe,
694 1785 796 1865 mori,
809 1782 1019 1876 detegendis
1028 1781 1184 1866 Thebis,¹

257 1899 341 1982 Quae
352 1897 482 1988 pepigi,
496 1910 530 1962 et
540 1910 611 1960 toto
623 1918 699 1988 quae
711 1897 872 1986 sanguine
884 1893 1044 1987 prodigus
1056 1897 1132 1962 enti.
1197 1883 1199 1888 ’

259 2009 355 2072 Ferte
366 2024 456 2072 retro
467 2003 613 2084 bellum,
627 2020 800 2098 ceptaeque
812 2006 986 2098 impingite
999 2009 1116 2072 Lernae
1205 2017 1255 2086 765

260 2111 442 2209 Reiliquies
454 2129 586 2205 turpes,
600 2113 797 2207 confixaque
809 2132 901 2204 tergo
913 2115 1063 2182 foventes

250 2345 311 2416 754.
334 2347 396 2399 Non
421 2337 605 2400 deditorum
629 2347 712 2400 vices:
758 2350 918 2400 comeatu
931 2349 1032 2419 optimo
1045 2347 1151 2419 alioque
1163 2363 1216 2398 uno
1227 2346 1257 2398 ii-

210 2429 305 2500 procul
327 2448 401 2482 amn
421 2430 545 2500 furientis.
572 2429 627 2479 Aut
652 2423 715 2479 belii
758 2427 807 2478 bro
825 2426 921 2480 diserte
936 2426 1045 2496 legitur:
1059 2425 1258 2497 superadmir-

211 2523 281 2558 unns
293 2504 386 2558 Behot.
399 2507 511 2576 Optinne
523 2503 623 2558 Barthii
635 2523 714 2556 rncm·
758 2527 798 2561 sets
808 2509 840 2560 ab
850 2527 921 2568 urre,·
935 2505 1008 2576 qnod
1019 2523 1073 2558 non
1088 2517 1127 2557 est
1137 2502 1258 2556 librario·

212 2585 322 2636 breue:
345 2584 438 2657 procui
460 2603 533 2636 annu
556 2585 659 2636 neentis.
679 2611 715 2622 -
759 2603 847 2637 rum.»
868 2587 966 2637 Benene

212 2664 278 2733 Reg.
293 2662 494 2727 Bhobet‚Non
511 2661 573 2715 belli
590 2672 714 2732 temptare
795 2667 854 2735 759.
882 2665 1018 2731 Comtr‘tit,
1039 2675 1148 2716 exennia.
1175 2665 1258 2715 eNon

213 2743 294 2801 vices,-
313 2744 376 2813 Reg.
396 2744 432 2806 C,
452 2743 515 2796 Non
536 2741 600 2795 betti
618 2753 714 2812 teptorc
758 2743 924 2796 sollicitanda
936 2741 1107 2795 rideturbaec
1122 2741 1216 2795 lectio:
1230 2743 1259 2792 in

214 2823 286 2874 vicet.
300 2823 345 2874 En.
361 2851 396 2862 -
408 2820 479 2873 Batti
492 2823 565 2874 vices.
580 2823 664 2892 Apte,
675 2823 713 2872 ri·
759 2825 861 2895 optimo
875 2837 963 2875 temen
980 2835 1006 2874 et
1021 2821 1104 2874 altero
1120 2820 1189 2873 libro
1204 2819 1260 2872 cie-

213 2899 379 2952 cibus-eninr
387 2899 552 2970 pugnabant.
758 2905 864 2954 cissimis
885 2901 967 2953 literis
988 2899 1103 2970 legitur:
1124 2898 1259 2964 Constitit,

250 2978 310 3047 755.
322 2978 511 3051 Terribilesque
510 2979 602 3050 jubas,
611 2988 636 3029 et
636 2977 713 3048 froo—
758 2992 783 3033 et
793 2981 894 3045 demta,
907 2993 956 3031 etc.
967 3003 979 3026 ι
994 2982 1088 3030 Brenn
1101 3008 1137 3018 -
1147 2979 1260 3031 Exeutta

215 3069 266 3110 tem
275 3057 376 3110 canidio
388 3057 500 3110 horrent.
514 3057 577 3128 Reg.
593 3055 713 3122 sehabet,
759 3061 910 3132 manifestus
921 3058 1015 3112 casside
1026 3058 1104 3110 nosci.
1117 3057 1169 3124 Qui
1181 3056 1259 3110 facile

215 3137 399 3209 Tml'bt'lessqw
414 3138 500 3198 mimi
516 3139 577 3208 Reg·
594 3137 615 3189 C
631 3148 712 3188 nostr·
760 3139 954 3212 agnoscebatur
965 3137 1073 3190 ademto
1083 3135 1193 3189 casside.

215 3218 276 3271 lect.
294 3220 340 3271 Eu.
795 3216 1259 3291 760.Despexitqueacierbominnrrr.

250 3297 311 3367 756.
330 3297 422 3350 Electa
440 3314 571 3349 murorum
592 3296 619 3348 io
631 3307 713 3368 parte.
760 3299 842 3367 Quasi
855 3299 913 3370 ipse
929 3300 984 3367 jorn
1003 3298 1092 3363 Deus,
1110 3297 1190 3348 vitem
1210 3315 1258 3367 pro

213 3375 395 3448 Apollodorus
407 3373 532 3428 Bibliotb.
545 3374 590 3427 lib.
603 3377 651 3440 111,
661 3388 715 3426 trs·
759 3377 842 3448 gioria
854 3389 1044 3430 contemtores.
1064 3378 1190 3428 Limne

215 3456 254 3510 dit
263 3457 426 3508 Menoeceum
438 3475 466 3507 se
476 3469 537 3507 ente
546 3468 638 3526 portas
648 3453 716 3505 Tbe-
795 3455 855 3527 761.
868 3455 999 3508 Convertit
1009 3472 1139 3524 eampum.
1152 3453 1194 3504 Ad
1204 3472 1260 3505 oro-

214 3535 310 3588 borum
332 3533 469 3586 occidisse.
488 3533 556 3586 Vide
577 3549 714 3584 excursum
759 3539 859 3589 tionem
871 3553 945 3587 suam
961 3534 1136 3605 pugnantium
1148 3552 1194 3585 ora
1207 3533 1260 3586 vul·

216 3611 250 3666 od
264 3612 363 3666 enicem
378 3612 433 3681 huj,
449 3610 495 3663 libr
513 3611 558 3662 En.
761 3629 855 3685 tusque
866 3615 1003 3664 convertit.
1022 3613 1098 3664 Ltcr.

252 3689 712 3763 757.Jamsacerudspectu‚etclieg.
796 3691 855 3762 765.
876 3693 949 3744 Ferte
967 3701 1034 3744 retro
1055 3691 1161 3743 bellum.
1180 3693 1259 3742 Retro

216 3773 238 3823 Β
251 3771 347 3838 hebet,
361 3771 427 3822 Tam
439 3787 510 3821 sacer
519 3779 635 3840 aspectu,-
650 3770 713 3836 Reg.
759 3772 827 3841 agite
835 3769 926 3823 hostes
935 3770 962 3821 in
970 3770 1069 3839 fugent.
1080 3771 1261 3841 -Captoeque

217 3853 366 3905 Cnostrttni
383 3850 444 3902 ieet.
464 3849 510 3900 En.
524 3880 557 3888 -
568 3850 629 3900 Jam
647 3867 717 3900 sacer
760 3850 896 3922 impingite
911 3849 1007 3902 teme.
1025 3850 1060 3899 Ut
1075 3850 1120 3921 qni
1136 3867 1208 3900 nunc
1223 3849 1261 3898 vi·

217 3928 623 4004 adspectu.VideLiviumeedem
631 3927 716 3980 dicen·
760 3943 847 3981 ctores
866 3941 926 3982 suot
943 3929 1048 3999 Argivi,
1066 3931 1214 3991 vincentur,
1234 3939 1260 3978 et

218 4025 269 4062 tem
281 4011 314 4062 de
327 4012 412 4063 Decio
423 4029 451 4062 se
463 4009 608 4062 devovente
617 4027 667 4080 pro
678 4026 717 4060 se·
761 4012 806 4080 qui
818 4012 1003 4080 insequuntur,
1015 4009 1128 4080 fugiunt,
1139 4009 1217 4059 Leon.

217 4089 272 4142 lete
284 4091 420 4143 exercitus.
431 4089 622 4162 -Augustt'on
633 4085 716 4139 Vene-
796 4087 856 4158 766.
878 4085 1036 4160 confixaque
1055 4098 1124 4160 terga
1140 4085 1260 4156 foventes

219 4167 333 4220 rebilior.
355 4169 480 4220 itscrtnr.
761 4166 874 4220 Inachus
895 4167 1022 4220 indecores
1040 4177 1116 4237 puter
1135 4174 1262 4218 sumetur

255 4247 313 4317 758.
337 4251 362 4300 C.
382 4269 400 4300 s.
422 4250 436 4299 i.
457 4260 474 4298 t.
490 4266 579 4318 rupero
599 4249 716 4300 ‹temissos
763 4245 889 4298 alumnos.
901 4245 1017 4298 Vulnera
1028 4247 1054 4296 in
1065 4259 1139 4314 tergo
1153 4243 1263 4314 ignomie
