<?xml version="1.0" encoding="UTF-8"?>
<!DOCTYPE html PUBLIC "-//W3C//DTD XHTML 1.0 Transitional//EN"
    "http://www.w3.org/TR/xhtml1/DTD/xhtml1-transitional.dtd">
<html xmlns="http://www.w3.org/1999/xhtml" xml:lang="en" lang="en">
 <head>
  <title>
</title>
<meta http-equiv="Content-Type" content="text/html;charset=utf-8" />
  <meta name='ocr-system' content='tesseract 3.04.00' />
  <meta name='ocr-capabilities' content='ocr_page ocr_carea ocr_par ocr_line ocrx_word'/>
</head>
<body>
  <div class='ocr_page' id='page_1' title='image "./libriquinquesil00statgoog_0265.png"; bbox 0 0 3264 5166; ppageno 0'>
   <div class='ocr_carea' id='block_1_1' title="bbox 393 503 1210 574">
    <p class='ocr_par' dir='ltr' id='par_1_1' title="bbox 393 503 1210 574">
     <span class='ocr_line' id='line_1_1' title="bbox 393 503 1210 574; baseline -0.001 -1"><span class='ocrx_word' id='word_1_1' title='bbox 393 504 461 574; x_wconf 79' lang='lat'><strong>256</strong></span> <span class='ocrx_word' id='word_1_2' title='bbox 588 505 591 512; x_wconf 78' lang='grc'><strong>’</strong></span> <span class='ocrx_word' id='word_1_3' title='bbox 631 507 667 569; x_wconf 90' lang='grc' dir='ltr'><strong>Ρ.</strong></span> <span class='ocrx_word' id='word_1_4' title='bbox 691 507 727 570; x_wconf 90' lang='grc' dir='ltr'><strong>Ρ.</strong></span> <span class='ocrx_word' id='word_1_5' title='bbox 753 506 909 574; x_wconf 81' lang='lat' dir='ltr'><strong>STdTll</strong></span> <span class='ocrx_word' id='word_1_6' title='bbox 933 503 1210 572; x_wconf 78' lang='lat' dir='ltr'>THEBAIDOS</span> 
     </span>
    </p>
   </div>
   <div class='ocr_carea' id='block_1_2' title="bbox 331 628 1441 1010">
    <p class='ocr_par' dir='ltr' id='par_1_2' title="bbox 331 628 1441 1010">
     <span class='ocr_line' id='line_1_2' title="bbox 432 628 1440 714; baseline -0.004 -20"><span class='ocrx_word' id='word_1_7' title='bbox 432 633 493 694; x_wconf 92' lang='lat' dir='ltr'><strong>hoc</strong></span> <span class='ocrx_word' id='word_1_8' title='bbox 507 652 612 692; x_wconf 87' lang='lat' dir='ltr'><strong>rerum</strong></span> <span class='ocrx_word' id='word_1_9' title='bbox 626 643 708 691; x_wconf 84' lang='lat' dir='ltr'><strong>statu</strong></span> <span class='ocrx_word' id='word_1_10' title='bbox 721 651 753 690; x_wconf 89' lang='lat' dir='ltr'><strong>se</strong></span> <span class='ocrx_word' id='word_1_11' title='bbox 767 631 901 692; x_wconf 80' lang='lat' dir='ltr'><strong>invicem</strong></span> <span class='ocrx_word' id='word_1_12' title='bbox 913 630 954 690; x_wconf 89' lang='lat' dir='ltr'><strong>ad</strong></span> <span class='ocrx_word' id='word_1_13' title='bbox 966 630 1134 714; x_wconf 75' lang='lat' dir='ltr'><strong>quaerenda</strong></span> <span class='ocrx_word' id='word_1_14' title='bbox 1144 643 1175 690; x_wconf 89' lang='lat' dir='ltr'><strong>et</strong></span> <span class='ocrx_word' id='word_1_15' title='bbox 1184 628 1374 712; x_wconf 87' lang='lat' dir='ltr'><strong>exportanda</strong></span> <span class='ocrx_word' id='word_1_16' title='bbox 1385 628 1440 690; x_wconf 92' lang='lat' dir='ltr'><strong>do·</strong></span> 
     </span>
     <span class='ocr_line' id='line_1_3' title="bbox 433 727 1441 814; baseline -0.005 -21"><span class='ocrx_word' id='word_1_17' title='bbox 433 733 594 794; x_wconf 89' lang='lat' dir='ltr'><strong>minorum</strong></span> <span class='ocrx_word' id='word_1_18' title='bbox 603 751 736 814; x_wconf 91' lang='lat' dir='ltr'><strong>corpora</strong></span> <span class='ocrx_word' id='word_1_19' title='bbox 744 731 892 805; x_wconf 74' lang='lat' dir='ltr'><strong>excitant,</strong></span> <span class='ocrx_word' id='word_1_20' title='bbox 903 728 1071 813; x_wconf 71' lang='lat'>347-375.</span> <span class='ocrx_word' id='word_1_21' title='bbox 1082 732 1211 790; x_wconf 85' lang='lat' dir='ltr'><strong>Inventa</strong></span> <span class='ocrx_word' id='word_1_22' title='bbox 1219 727 1335 788; x_wconf 91' lang='lat' dir='ltr'><strong>tollunt</strong></span> <span class='ocrx_word' id='word_1_23' title='bbox 1344 729 1378 788; x_wconf 90' lang='lat' dir='ltr'><strong>in</strong></span> <span class='ocrx_word' id='word_1_24' title='bbox 1386 727 1441 788; x_wconf 91' lang='lat' dir='ltr'><strong>hn-</strong></span> 
     </span>
     <span class='ocr_line' id='line_1_4' title="bbox 434 824 1439 908; baseline -0.008 -17"><span class='ocrx_word' id='word_1_25' title='bbox 434 851 549 902; x_wconf 82' lang='lat' dir='ltr'><strong>meros3</strong></span> <span class='ocrx_word' id='word_1_26' title='bbox 563 849 598 889; x_wconf 90' lang='lat' dir='ltr'><strong>ac</strong></span> <span class='ocrx_word' id='word_1_27' title='bbox 608 840 707 888; x_wconf 88' lang='lat' dir='ltr'><strong>castra</strong></span> <span class='ocrx_word' id='word_1_28' title='bbox 719 827 898 908; x_wconf 79' lang='lat' dir='ltr'>repetebant</span> <span class='ocrx_word' id='word_1_29' title='bbox 904 824 972 908; x_wconf 85' lang='lat' dir='ltr'><strong>jam</strong></span> <span class='ocrx_word' id='word_1_30' title='bbox 984 827 1103 887; x_wconf 76' lang='lat' dir='ltr'><strong>Aurora</strong></span> <span class='ocrx_word' id='word_1_31' title='bbox 1115 825 1333 900; x_wconf 79' lang='lat' dir='ltr'><strong>dilucescente,</strong></span> <span class='ocrx_word' id='word_1_32' title='bbox 1343 844 1439 906; x_wconf 57' lang='lat' dir='ltr'><strong>Qum</strong></span> 
     </span>
     <span class='ocr_line' id='line_1_5' title="bbox 331 920 1439 1010; baseline -0.005 -22"><span class='ocrx_word' id='word_1_33' title='bbox 331 945 334 958; x_wconf 81' lang='lat'><strong><em>¹</em></strong></span> <span class='ocrx_word' id='word_1_34' title='bbox 434 928 473 988; x_wconf 90' lang='lat' dir='ltr'><strong>ab</strong></span> <span class='ocrx_word' id='word_1_35' title='bbox 486 925 677 1010; x_wconf 84' lang='lat' dir='ltr'><strong>Amphione,</strong></span> <span class='ocrx_word' id='word_1_36' title='bbox 688 947 781 1007; x_wconf 87' lang='lat' dir='ltr'><strong>quem</strong></span> <span class='ocrx_word' id='word_1_37' title='bbox 793 947 844 986; x_wconf 85' lang='lat' dir='ltr'><strong>rex</strong></span> <span class='ocrx_word' id='word_1_38' title='bbox 856 947 927 986; x_wconf 91' lang='lat' dir='ltr'><strong>cum</strong></span> <span class='ocrx_word' id='word_1_39' title='bbox 939 927 1080 1007; x_wconf 89' lang='lat' dir='ltr'><strong>equitum</strong></span> <span class='ocrx_word' id='word_1_40' title='bbox 1092 937 1195 1010; x_wconf 86' lang='lat' dir='ltr'><strong>turma</strong></span> <span class='ocrx_word' id='word_1_41' title='bbox 1208 925 1330 984; x_wconf 82' lang='lat' dir='ltr'><strong>miserat</strong></span> <span class='ocrx_word' id='word_1_42' title='bbox 1340 920 1439 1005; x_wconf 87' lang='lat' dir='ltr'><strong>explo-</strong></span> 
     </span>
    </p>
   </div>
   <div class='ocr_carea' id='block_1_3' title="bbox 431 1021 1445 4238">
    <p class='ocr_par' dir='ltr' id='par_1_3' title="bbox 431 1021 1445 4238">
     <span class='ocr_line' id='line_1_6' title="bbox 435 1021 1439 1106; baseline -0.006 -20"><span class='ocrx_word' id='word_1_43' title='bbox 435 1042 576 1086; x_wconf 87' lang='lat' dir='ltr'><strong>raturum</strong></span> <span class='ocrx_word' id='word_1_44' title='bbox 586 1024 662 1106; x_wconf 78' lang='lat' dir='ltr'><strong>qnid</strong></span> <span class='ocrx_word' id='word_1_45' title='bbox 671 1022 811 1084; x_wconf 88' lang='lat' dir='ltr'><strong>Thebani</strong></span> <span class='ocrx_word' id='word_1_46' title='bbox 822 1033 962 1104; x_wconf 81' lang='lat' dir='ltr'>agerent,</span> <span class='ocrx_word' id='word_1_47' title='bbox 971 1021 1261 1106; x_wconf 82' lang='lat' dir='ltr'><strong>deprehenduntur3</strong></span> <span class='ocrx_word' id='word_1_48' title='bbox 1273 1021 1439 1103; x_wconf 84' lang='lat'><strong>376-398.</strong></span> 
     </span>
     <span class='ocr_line' id='line_1_7' title="bbox 434 1116 1438 1203; baseline -0.011 -17"><span class='ocrx_word' id='word_1_49' title='bbox 434 1125 542 1186; x_wconf 83' lang='lat' dir='ltr'>Statim</span> <span class='ocrx_word' id='word_1_50' title='bbox 565 1122 627 1183; x_wconf 90' lang='lat' dir='ltr'><strong>telo</strong></span> <span class='ocrx_word' id='word_1_51' title='bbox 648 1121 833 1182; x_wconf 89' lang='lat' dir='ltr'><strong>interficitur</strong></span> <span class='ocrx_word' id='word_1_52' title='bbox 853 1121 1010 1203; x_wconf 84' lang='lat' dir='ltr'><strong>Hopleus,</strong></span> <span class='ocrx_word' id='word_1_53' title='bbox 1030 1120 1086 1201; x_wconf 89' lang='lat' dir='ltr'><strong>qui</strong></span> <span class='ocrx_word' id='word_1_54' title='bbox 1106 1139 1199 1202; x_wconf 90' lang='lat' dir='ltr'><strong>supra</strong></span> <span class='ocrx_word' id='word_1_55' title='bbox 1216 1137 1329 1197; x_wconf 86' lang='lat' dir='ltr'><strong>corpus</strong></span> <span class='ocrx_word' id='word_1_56' title='bbox 1345 1116 1438 1200; x_wconf 78' lang='lat' dir='ltr'><strong>Tydei</strong></span> 
     </span>
     <span class='ocr_line' id='line_1_8' title="bbox 435 1213 1439 1300; baseline -0.009 -20"><span class='ocrx_word' id='word_1_57' title='bbox 435 1221 531 1294; x_wconf 74' lang='lat' dir='ltr'><strong>cadit,</strong></span> <span class='ocrx_word' id='word_1_58' title='bbox 543 1215 712 1300; x_wconf 68' lang='lat'><strong>399-404.</strong></span> <span class='ocrx_word' id='word_1_59' title='bbox 733 1220 849 1300; x_wconf 80' lang='lat' dir='ltr'><strong>Dymas</strong></span> <span class='ocrx_word' id='word_1_60' title='bbox 859 1238 963 1278; x_wconf 84' lang='lat' dir='ltr'><strong>ensem</strong></span> <span class='ocrx_word' id='word_1_61' title='bbox 973 1218 1097 1298; x_wconf 88' lang='lat' dir='ltr'><strong>stringit</strong></span> <span class='ocrx_word' id='word_1_62' title='bbox 1105 1213 1439 1276; x_wconf 84' lang='lat' dir='ltr'><strong>adsedefendendum:</strong></span> 
     </span>
     <span class='ocr_line' id='line_1_9' title="bbox 434 1312 1441 1398; baseline -0.009 -19"><span class='ocrx_word' id='word_1_63' title='bbox 434 1339 559 1393; x_wconf 86' lang='lat' dir='ltr'><strong>verum,</strong></span> <span class='ocrx_word' id='word_1_64' title='bbox 572 1319 703 1378; x_wconf 88' lang='lat' dir='ltr'><strong>abscissa</strong></span> <span class='ocrx_word' id='word_1_65' title='bbox 717 1316 763 1376; x_wconf 94' lang='lat' dir='ltr'><strong>illi</strong></span> <span class='ocrx_word' id='word_1_66' title='bbox 777 1316 898 1392; x_wconf 83' lang='lat' dir='ltr'><strong>dextra,</strong></span> <span class='ocrx_word' id='word_1_67' title='bbox 913 1315 1045 1398; x_wconf 90' lang='lat' dir='ltr'><strong>pedihus</strong></span> <span class='ocrx_word' id='word_1_68' title='bbox 1057 1313 1242 1397; x_wconf 79' lang='lat' dir='ltr'><strong>Amphionis</strong></span> <span class='ocrx_word' id='word_1_69' title='bbox 1252 1312 1441 1385; x_wconf 80' lang='lat' dir='ltr'><strong>advolvitur,</strong></span> 
     </span>
     <span class='ocr_line' id='line_1_10' title="bbox 436 1412 1441 1497; baseline -0.006 -19"><span class='ocrx_word' id='word_1_70' title='bbox 436 1439 536 1478; x_wconf 91' lang='lat' dir='ltr'><strong>unum</strong></span> <span class='ocrx_word' id='word_1_71' title='bbox 555 1416 594 1476; x_wconf 92' lang='lat' dir='ltr'><strong>ab</strong></span> <span class='ocrx_word' id='word_1_72' title='bbox 610 1437 648 1475; x_wconf 89' lang='lat' dir='ltr'><strong>eo</strong></span> <span class='ocrx_word' id='word_1_73' title='bbox 662 1413 878 1496; x_wconf 83' lang='lat' dir='ltr'><strong>expostulans,</strong></span> <span class='ocrx_word' id='word_1_74' title='bbox 897 1413 1119 1497; x_wconf 74' lang='lat' dir='ltr'><strong>Parthenopaeo</strong></span> <span class='ocrx_word' id='word_1_75' title='bbox 1133 1412 1322 1496; x_wconf 84' lang='lat' dir='ltr'><strong>sepulturam</strong></span> <span class='ocrx_word' id='word_1_76' title='bbox 1336 1431 1441 1472; x_wconf 84' lang='lat' dir='ltr'><strong>conoe·</strong></span> 
     </span>
     <span class='ocr_line' id='line_1_11' title="bbox 435 1511 1444 1594; baseline -0.004 -20"><span class='ocrx_word' id='word_1_77' title='bbox 435 1515 504 1588; x_wconf 80' lang='lat' dir='ltr'><strong>dat3</strong></span> <span class='ocrx_word' id='word_1_78' title='bbox 518 1512 687 1588; x_wconf 70' lang='lat' dir='ltr'><strong>los-430.</strong></span> <span class='ocrx_word' id='word_1_79' title='bbox 711 1515 777 1572; x_wconf 91' lang='lat' dir='ltr'><strong>lloc</strong></span> <span class='ocrx_word' id='word_1_80' title='bbox 790 1511 947 1593; x_wconf 82' lang='lat' dir='ltr'><strong>Amphion</strong></span> <span class='ocrx_word' id='word_1_81' title='bbox 962 1512 1118 1594; x_wconf 76' lang='lat' dir='ltr'><strong>indulget,</strong></span> <span class='ocrx_word' id='word_1_82' title='bbox 1133 1512 1253 1594; x_wconf 82' lang='lat' dir='ltr'><strong>ipsique</strong></span> <span class='ocrx_word' id='word_1_83' title='bbox 1266 1511 1365 1570; x_wconf 88' lang='lat' dir='ltr'><strong>vitam</strong></span> <span class='ocrx_word' id='word_1_84' title='bbox 1377 1527 1444 1591; x_wconf 86' lang='lat' dir='ltr'><strong>pro-</strong></span> 
     </span>
     <span class='ocr_line' id='line_1_12' title="bbox 436 1604 1441 1691; baseline -0.006 -20"><span class='ocrx_word' id='word_1_85' title='bbox 436 1612 546 1686; x_wconf 90' lang='lat' dir='ltr'><strong>mittit,</strong></span> <span class='ocrx_word' id='word_1_86' title='bbox 568 1609 665 1670; x_wconf 91' lang='lat' dir='ltr'><strong>modo</strong></span> <span class='ocrx_word' id='word_1_87' title='bbox 681 1609 758 1689; x_wconf 90' lang='lat' dir='ltr'><strong>quid</strong></span> <span class='ocrx_word' id='word_1_88' title='bbox 777 1611 881 1690; x_wconf 78' lang='lat' dir='ltr'><strong>Argivi</strong></span> <span class='ocrx_word' id='word_1_89' title='bbox 900 1610 1083 1670; x_wconf 87' lang='lat' dir='ltr'><strong>molirentur</strong></span> <span class='ocrx_word' id='word_1_90' title='bbox 1098 1606 1259 1691; x_wconf 88' lang='lat' dir='ltr'><strong>proderet;</strong></span> <span class='ocrx_word' id='word_1_91' title='bbox 1273 1604 1441 1684; x_wconf 57' lang='lat'><strong>431-436„</strong></span> 
     </span>
     <span class='ocr_line' id='line_1_13' title="bbox 436 1706 1442 1790; baseline -0.002 -22"><span class='ocrx_word' id='word_1_92' title='bbox 436 1709 481 1769; x_wconf 79' lang='lat' dir='ltr'><strong>dd</strong></span> <span class='ocrx_word' id='word_1_93' title='bbox 502 1709 567 1770; x_wconf 75' lang='lat' dir='ltr'><strong>haec</strong></span> <span class='ocrx_word' id='word_1_94' title='bbox 580 1709 674 1769; x_wconf 89' lang='lat' dir='ltr'><strong>verba</strong></span> <span class='ocrx_word' id='word_1_95' title='bbox 692 1710 808 1790; x_wconf 85' lang='lat' dir='ltr'><strong>Dymas</strong></span> <span class='ocrx_word' id='word_1_96' title='bbox 827 1708 965 1784; x_wconf 91' lang='lat' dir='ltr'><strong>horruit,</strong></span> <span class='ocrx_word' id='word_1_97' title='bbox 984 1709 1156 1789; x_wconf 88' lang='lat' dir='ltr'><strong>adactoque</strong></span> <span class='ocrx_word' id='word_1_98' title='bbox 1174 1709 1233 1767; x_wconf 90' lang='lat' dir='ltr'><strong>sibi</strong></span> <span class='ocrx_word' id='word_1_99' title='bbox 1250 1706 1372 1768; x_wconf 86' lang='lat' dir='ltr'><strong>fortiter</strong></span> <span class='ocrx_word' id='word_1_100' title='bbox 1390 1727 1442 1789; x_wconf 89' lang='lat' dir='ltr'><strong>per</strong></span> 
     </span>
     <span class='ocr_line' id='line_1_14' title="bbox 437 1801 1442 1887; baseline -0.002 -21"><span class='ocrx_word' id='word_1_101' title='bbox 437 1807 575 1867; x_wconf 90' lang='lat' dir='ltr'><strong>medium</strong></span> <span class='ocrx_word' id='word_1_102' title='bbox 590 1827 703 1887; x_wconf 89' lang='lat' dir='ltr'><strong>corpus</strong></span> <span class='ocrx_word' id='word_1_103' title='bbox 716 1826 802 1880; x_wconf 87' lang='lat' dir='ltr'><strong>ense,</strong></span> <span class='ocrx_word' id='word_1_104' title='bbox 817 1804 974 1887; x_wconf 89' lang='lat' dir='ltr'><strong>respoudit</strong></span> <span class='ocrx_word' id='word_1_105' title='bbox 992 1826 1022 1865; x_wconf 87' lang='lat' dir='ltr'><strong>se</strong></span> <span class='ocrx_word' id='word_1_106' title='bbox 1038 1826 1094 1865; x_wconf 90' lang='lat' dir='ltr'><strong>nec</strong></span> <span class='ocrx_word' id='word_1_107' title='bbox 1110 1805 1224 1880; x_wconf 85' lang='lat' dir='ltr'><strong>vitam,</strong></span> <span class='ocrx_word' id='word_1_108' title='bbox 1245 1825 1302 1866; x_wconf 88' lang='lat' dir='ltr'><strong>nec</strong></span> <span class='ocrx_word' id='word_1_109' title='bbox 1319 1801 1442 1864; x_wconf 87' lang='lat' dir='ltr'><strong>Parthe-</strong></span> 
     </span>
     <span class='ocr_line' id='line_1_15' title="bbox 436 1901 1442 1988; baseline -0.004 -22"><span class='ocrx_word' id='word_1_110' title='bbox 436 1926 582 1988; x_wconf 82' lang='lat' dir='ltr'><strong>nopaeum</strong></span> <span class='ocrx_word' id='word_1_111' title='bbox 596 1904 785 1985; x_wconf 87' lang='lat' dir='ltr'><strong>sepulturam</strong></span> <span class='ocrx_word' id='word_1_112' title='bbox 799 1905 879 1962; x_wconf 88' lang='lat' dir='ltr'><strong>tanti</strong></span> <span class='ocrx_word' id='word_1_113' title='bbox 891 1923 992 1963; x_wconf 89' lang='lat' dir='ltr'><strong>emere</strong></span> <span class='ocrx_word' id='word_1_114' title='bbox 1006 1901 1097 1978; x_wconf 85' lang='lat' dir='ltr'><strong>velle,</strong></span> <span class='ocrx_word' id='word_1_115' title='bbox 1111 1914 1141 1962; x_wconf 87' lang='lat' dir='ltr'><strong>et</strong></span> <span class='ocrx_word' id='word_1_116' title='bbox 1156 1902 1343 1984; x_wconf 85' lang='lat' dir='ltr'><strong>amplectens</strong></span> <span class='ocrx_word' id='word_1_117' title='bbox 1359 1902 1442 1984; x_wconf 90' lang='lat' dir='ltr'><strong>prin·</strong></span> 
     </span>
     <span class='ocr_line' id='line_1_16' title="bbox 436 1993 1443 2086; baseline -0.005 -24"><span class='ocrx_word' id='word_1_118' title='bbox 436 2004 512 2086; x_wconf 92' lang='lat' dir='ltr'><strong>cipis</strong></span> <span class='ocrx_word' id='word_1_119' title='bbox 529 2002 577 2062; x_wconf 87' lang='lat' dir='ltr'><strong>sui</strong></span> <span class='ocrx_word' id='word_1_120' title='bbox 596 2021 707 2083; x_wconf 89' lang='lat' dir='ltr'><strong>corpus</strong></span> <span class='ocrx_word' id='word_1_121' title='bbox 726 2021 817 2082; x_wconf 86' lang='lat' dir='ltr'><strong>super</strong></span> <span class='ocrx_word' id='word_1_122' title='bbox 835 2002 938 2081; x_wconf 89' lang='lat' dir='ltr'><strong>ipsum</strong></span> <span class='ocrx_word' id='word_1_123' title='bbox 956 2001 1069 2081; x_wconf 88' lang='lat' dir='ltr'><strong>pariter</strong></span> <span class='ocrx_word' id='word_1_124' title='bbox 1082 1999 1257 2074; x_wconf 78' lang='lat' dir='ltr'><strong>occumbit3</strong></span> <span class='ocrx_word' id='word_1_125' title='bbox 1275 1993 1443 2076; x_wconf 68' lang='grc'>435-448.</span> 
     </span>
     <span class='ocr_line' id='line_1_17' title="bbox 436 2095 1445 2181; baseline -0.002 -23"><span class='ocrx_word' id='word_1_126' title='bbox 436 2097 484 2158; x_wconf 88' lang='lat' dir='ltr'><strong>Sic</strong></span> <span class='ocrx_word' id='word_1_127' title='bbox 498 2099 683 2181; x_wconf 88' lang='lat' dir='ltr'><strong>recuperatis</strong></span> <span class='ocrx_word' id='word_1_128' title='bbox 696 2097 879 2180; x_wconf 87' lang='lat' dir='ltr'><strong>corporibus</strong></span> <span class='ocrx_word' id='word_1_129' title='bbox 898 2096 985 2157; x_wconf 66' lang='lat' dir='ltr'><strong>laetus</strong></span> <span class='ocrx_word' id='word_1_130' title='bbox 1000 2095 1157 2179; x_wconf 81' lang='lat' dir='ltr'><strong>Amphion</strong></span> <span class='ocrx_word' id='word_1_131' title='bbox 1172 2119 1207 2157; x_wconf 89' lang='lat' dir='ltr'><strong>ea</strong></span> <span class='ocrx_word' id='word_1_132' title='bbox 1225 2097 1264 2157; x_wconf 84' lang='lat' dir='ltr'><strong>ad</strong></span> <span class='ocrx_word' id='word_1_133' title='bbox 1280 2105 1383 2178; x_wconf 79' lang='lat' dir='ltr'><strong>regem</strong></span> <span class='ocrx_word' id='word_1_134' title='bbox 1401 2117 1445 2156; x_wconf 88' lang='lat' dir='ltr'><strong>re·</strong></span> 
     </span>
     <span class='ocr_line' id='line_1_18' title="bbox 438 2194 1444 2279; baseline 0 -23"><span class='ocrx_word' id='word_1_135' title='bbox 438 2198 548 2272; x_wconf 90' lang='lat' dir='ltr'><strong>mittit,</strong></span> <span class='ocrx_word' id='word_1_136' title='bbox 569 2198 730 2279; x_wconf 76' lang='lat' dir='ltr'><strong>pergitque</strong></span> <span class='ocrx_word' id='word_1_137' title='bbox 751 2195 789 2256; x_wconf 90' lang='lat' dir='ltr'><strong>ad</strong></span> <span class='ocrx_word' id='word_1_138' title='bbox 811 2209 908 2256; x_wconf 89' lang='lat' dir='ltr'><strong>castra</strong></span> <span class='ocrx_word' id='word_1_139' title='bbox 929 2197 1134 2276; x_wconf 85' lang='lat' dir='ltr'><strong>Argivorum,</strong></span> <span class='ocrx_word' id='word_1_140' title='bbox 1154 2195 1201 2256; x_wconf 89' lang='lat' dir='ltr'><strong>his</strong></span> <span class='ocrx_word' id='word_1_141' title='bbox 1221 2194 1444 2271; x_wconf 81' lang='lat' dir='ltr'><strong>insultaturus,</strong></span> 
     </span>
     <span class='ocr_line' id='line_1_19' title="bbox 437 2289 1442 2376; baseline -0.002 -22"><span class='ocrx_word' id='word_1_142' title='bbox 437 2294 642 2355; x_wconf 88' lang='lat' dir='ltr'><strong>monstrando</strong></span> <span class='ocrx_word' id='word_1_143' title='bbox 655 2293 784 2353; x_wconf 87' lang='lat' dir='ltr'><strong>abscissa</strong></span> <span class='ocrx_word' id='word_1_144' title='bbox 800 2292 913 2375; x_wconf 91' lang='lat' dir='ltr'><strong>Hoplei</strong></span> <span class='ocrx_word' id='word_1_145' title='bbox 925 2307 955 2352; x_wconf 91' lang='lat' dir='ltr'><strong>et</strong></span> <span class='ocrx_word' id='word_1_146' title='bbox 967 2294 1131 2373; x_wconf 82' lang='lat' dir='ltr'><strong>Dymantis</strong></span> <span class='ocrx_word' id='word_1_147' title='bbox 1143 2295 1260 2376; x_wconf 89' lang='lat' dir='ltr'><strong>capita;</strong></span> <span class='ocrx_word' id='word_1_148' title='bbox 1275 2289 1442 2373; x_wconf 71' lang='grc'>449-462.</span> 
     </span>
     <span class='ocr_line' id='line_1_20' title="bbox 436 2391 1445 2472; baseline -0.001 -21"><span class='ocrx_word' id='word_1_149' title='bbox 436 2391 495 2452; x_wconf 84' lang='lat' dir='ltr'><strong>Sed</strong></span> <span class='ocrx_word' id='word_1_150' title='bbox 515 2406 550 2451; x_wconf 93' lang='lat' dir='ltr'><strong>ut</strong></span> <span class='ocrx_word' id='word_1_151' title='bbox 569 2391 646 2451; x_wconf 84' lang='lat' dir='ltr'><strong>vidit</strong></span> <span class='ocrx_word' id='word_1_152' title='bbox 665 2405 765 2450; x_wconf 88' lang='lat' dir='ltr'><strong>totum</strong></span> <span class='ocrx_word' id='word_1_153' title='bbox 786 2411 932 2472; x_wconf 87' lang='lat' dir='ltr'><strong>campum</strong></span> <span class='ocrx_word' id='word_1_154' title='bbox 952 2392 1103 2472; x_wconf 87' lang='lat' dir='ltr'><strong>sanguine</strong></span> <span class='ocrx_word' id='word_1_155' title='bbox 1123 2391 1290 2466; x_wconf 89' lang='lat' dir='ltr'><strong>inundari,</strong></span> <span class='ocrx_word' id='word_1_156' title='bbox 1314 2410 1445 2472; x_wconf 87' lang='lat' dir='ltr'><strong>suosque</strong></span> 
     </span>
     <span class='ocr_line' id='line_1_21' title="bbox 437 2486 1444 2572; baseline -0.003 -24"><span class='ocrx_word' id='word_1_157' title='bbox 437 2491 612 2572; x_wconf 91' lang='lat' dir='ltr'><strong>promiscue</strong></span> <span class='ocrx_word' id='word_1_158' title='bbox 631 2509 739 2563; x_wconf 83' lang='lat' dir='ltr'><strong>caesos,</strong></span> <span class='ocrx_word' id='word_1_159' title='bbox 761 2501 848 2548; x_wconf 88' lang='lat' dir='ltr'><strong>tanto</strong></span> <span class='ocrx_word' id='word_1_160' title='bbox 866 2501 989 2570; x_wconf 85' lang='lat' dir='ltr'><strong>stupore</strong></span> <span class='ocrx_word' id='word_1_161' title='bbox 1009 2502 1039 2549; x_wconf 92' lang='lat' dir='ltr'><strong>et</strong></span> <span class='ocrx_word' id='word_1_162' title='bbox 1058 2486 1186 2550; x_wconf 90' lang='lat' dir='ltr'><strong>horrore</strong></span> <span class='ocrx_word' id='word_1_163' title='bbox 1206 2490 1390 2570; x_wconf 88' lang='lat' dir='ltr'><strong>corripitur,</strong></span> <span class='ocrx_word' id='word_1_164' title='bbox 1411 2501 1444 2546; x_wconf 92' lang='lat' dir='ltr'><strong>ut</strong></span> 
     </span>
     <span class='ocr_line' id='line_1_22' title="bbox 437 2585 1445 2669; baseline -0.001 -25"><span class='ocrx_word' id='word_1_165' title='bbox 437 2587 540 2667; x_wconf 88' lang='lat' dir='ltr'><strong>ipsum</strong></span> <span class='ocrx_word' id='word_1_166' title='bbox 555 2607 614 2645; x_wconf 87' lang='lat' dir='ltr'><strong>vox</strong></span> <span class='ocrx_word' id='word_1_167' title='bbox 629 2586 773 2666; x_wconf 86' lang='lat' dir='ltr'><strong>visusque</strong></span> <span class='ocrx_word' id='word_1_168' title='bbox 787 2607 822 2646; x_wconf 89' lang='lat' dir='ltr'><strong>ac</strong></span> <span class='ocrx_word' id='word_1_169' title='bbox 835 2590 912 2645; x_wconf 85' lang='lat' dir='ltr'><strong>vires</strong></span> <span class='ocrx_word' id='word_1_170' title='bbox 926 2585 1088 2662; x_wconf 87' lang='lat' dir='ltr'><strong>deficiant,</strong></span> <span class='ocrx_word' id='word_1_171' title='bbox 1103 2601 1132 2647; x_wconf 93' lang='lat' dir='ltr'><strong>et</strong></span> <span class='ocrx_word' id='word_1_172' title='bbox 1144 2607 1241 2668; x_wconf 86' lang='lat' dir='ltr'><strong>equus</strong></span> <span class='ocrx_word' id='word_1_173' title='bbox 1255 2599 1367 2669; x_wconf 87' lang='lat' dir='ltr'><strong>sponte</strong></span> <span class='ocrx_word' id='word_1_174' title='bbox 1380 2606 1445 2644; x_wconf 71' lang='lat' dir='ltr'><strong>ver</strong></span> 
     </span>
     <span class='ocr_line' id='line_1_23' title="bbox 437 2681 1442 2764; baseline 0.001 -23"><span class='ocrx_word' id='word_1_175' title='bbox 437 2703 488 2742; x_wconf 91' lang='lat' dir='ltr'><strong>sus</strong></span> <span class='ocrx_word' id='word_1_176' title='bbox 500 2681 620 2742; x_wconf 86' lang='lat' dir='ltr'><strong>Thebas</strong></span> <span class='ocrx_word' id='word_1_177' title='bbox 639 2683 764 2764; x_wconf 87' lang='lat' dir='ltr'><strong>repetit,</strong></span> <span class='ocrx_word' id='word_1_178' title='bbox 783 2681 919 2762; x_wconf 80' lang='lat' dir='ltr'><strong>fugiente</strong></span> <span class='ocrx_word' id='word_1_179' title='bbox 933 2682 1074 2743; x_wconf 89' lang='lat' dir='ltr'><strong>similiter</strong></span> <span class='ocrx_word' id='word_1_180' title='bbox 1087 2685 1227 2762; x_wconf 90' lang='lat' dir='ltr'><strong>equitum</strong></span> <span class='ocrx_word' id='word_1_181' title='bbox 1244 2697 1368 2758; x_wconf 75' lang='lat' dir='ltr'><strong>turma,</strong></span> <span class='ocrx_word' id='word_1_182' title='bbox 1385 2681 1442 2757; x_wconf 72' lang='lat'><strong>463</strong></span> 
     </span>
     <span class='ocr_line' id='line_1_24' title="bbox 437 2776 1443 2862; baseline -0.002 -20"><span class='ocrx_word' id='word_1_183' title='bbox 437 2776 547 2862; x_wconf 69' lang='grc'>-473,</span> <span class='ocrx_word' id='word_1_184' title='bbox 567 2782 654 2841; x_wconf 88' lang='lat' dir='ltr'><strong>Tunc</strong></span> <span class='ocrx_word' id='word_1_185' title='bbox 676 2780 798 2860; x_wconf 79' lang='lat' dir='ltr'><strong>Argivi,</strong></span> <span class='ocrx_word' id='word_1_186' title='bbox 817 2779 922 2839; x_wconf 85' lang='lat' dir='ltr'><strong>audita</strong></span> <span class='ocrx_word' id='word_1_187' title='bbox 943 2793 1041 2862; x_wconf 89' lang='lat' dir='ltr'><strong>strage</strong></span> <span class='ocrx_word' id='word_1_188' title='bbox 1062 2802 1079 2840; x_wconf 88' lang='lat' dir='ltr'><strong>a</strong></span> <span class='ocrx_word' id='word_1_189' title='bbox 1099 2780 1327 2841; x_wconf 89' lang='lat' dir='ltr'><strong>Thiodamante</strong></span> <span class='ocrx_word' id='word_1_190' title='bbox 1346 2780 1443 2854; x_wconf 83' lang='lat' dir='ltr'><strong>faeta,</strong></span> 
     </span>
     <span class='ocr_line' id='line_1_25' title="bbox 436 2879 1441 2962; baseline 0 -22"><span class='ocrx_word' id='word_1_191' title='bbox 436 2880 540 2940; x_wconf 87' lang='lat' dir='ltr'><strong>castris</strong></span> <span class='ocrx_word' id='word_1_192' title='bbox 561 2894 774 2961; x_wconf 87' lang='lat' dir='ltr'><strong>erumpentes,</strong></span> <span class='ocrx_word' id='word_1_193' title='bbox 798 2900 854 2960; x_wconf 84' lang='lat' dir='ltr'><strong>per</strong></span> <span class='ocrx_word' id='word_1_194' title='bbox 875 2880 1015 2940; x_wconf 87' lang='lat' dir='ltr'><strong>membra</strong></span> <span class='ocrx_word' id='word_1_195' title='bbox 1035 2893 1127 2962; x_wconf 88' lang='lat' dir='ltr'><strong>atquc</strong></span> <span class='ocrx_word' id='word_1_196' title='bbox 1149 2902 1237 2941; x_wconf 87' lang='lat' dir='ltr'><strong>arma</strong></span> <span class='ocrx_word' id='word_1_197' title='bbox 1255 2879 1441 2961; x_wconf 83' lang='lat' dir='ltr'><strong>jacentium,</strong></span> 
     </span>
     <span class='ocr_line' id='line_1_26' title="bbox 434 2976 1441 3060; baseline 0.002 -22"><span class='ocrx_word' id='word_1_198' title='bbox 434 2977 554 3040; x_wconf 85' lang='lat' dir='ltr'><strong>Thebas</strong></span> <span class='ocrx_word' id='word_1_199' title='bbox 568 2978 728 3052; x_wconf 89' lang='lat' dir='ltr'><strong>advolant,</strong></span> <span class='ocrx_word' id='word_1_200' title='bbox 743 2999 913 3059; x_wconf 91' lang='lat' dir='ltr'><strong>eorumque</strong></span> <span class='ocrx_word' id='word_1_201' title='bbox 932 2979 1060 3060; x_wconf 89' lang='lat' dir='ltr'><strong>plurimi</strong></span> <span class='ocrx_word' id='word_1_202' title='bbox 1078 2976 1218 3040; x_wconf 90' lang='lat' dir='ltr'><strong>hostibus</strong></span> <span class='ocrx_word' id='word_1_203' title='bbox 1235 2981 1319 3040; x_wconf 89' lang='lat' dir='ltr'><strong>misti</strong></span> <span class='ocrx_word' id='word_1_204' title='bbox 1335 2979 1441 3040; x_wconf 88' lang='lat' dir='ltr'><strong>urbem</strong></span> 
     </span>
     <span class='ocr_line' id='line_1_27' title="bbox 437 3073 1441 3160; baseline 0.003 -25"><span class='ocrx_word' id='word_1_205' title='bbox 437 3077 571 3152; x_wconf 82' lang='lat' dir='ltr'><strong>intrant3</strong></span> <span class='ocrx_word' id='word_1_206' title='bbox 589 3073 756 3158; x_wconf 68' lang='lat'>474-508.</span> <span class='ocrx_word' id='word_1_207' title='bbox 779 3079 881 3137; x_wconf 90' lang='lat' dir='ltr'><strong>Portis</strong></span> <span class='ocrx_word' id='word_1_208' title='bbox 895 3098 974 3160; x_wconf 78' lang='lat' dir='ltr'><strong>aegre</strong></span> <span class='ocrx_word' id='word_1_209' title='bbox 992 3076 1120 3154; x_wconf 90' lang='lat' dir='ltr'><strong>clausis,</strong></span> <span class='ocrx_word' id='word_1_210' title='bbox 1138 3081 1212 3140; x_wconf 89' lang='lat' dir='ltr'><strong>urbs</strong></span> <span class='ocrx_word' id='word_1_211' title='bbox 1231 3079 1441 3140; x_wconf 83' lang='lat' dir='ltr'><strong>circumvalla·</strong></span> 
     </span>
     <span class='ocr_line' id='line_1_28' title="bbox 436 3173 1431 3259; baseline 0.003 -27"><span class='ocrx_word' id='word_1_212' title='bbox 436 3187 501 3248; x_wconf 91' lang='lat' dir='ltr'><strong>tur,</strong></span> <span class='ocrx_word' id='word_1_213' title='bbox 513 3189 543 3234; x_wconf 91' lang='lat' dir='ltr'><strong>et</strong></span> <span class='ocrx_word' id='word_1_214' title='bbox 553 3173 821 3234; x_wconf 85' lang='lat' dir='ltr'><strong>machinationum</strong></span> <span class='ocrx_word' id='word_1_215' title='bbox 832 3177 921 3235; x_wconf 93' lang='lat' dir='ltr'><strong>omni</strong></span> <span class='ocrx_word' id='word_1_216' title='bbox 931 3197 1042 3256; x_wconf 86' lang='lat' dir='ltr'><strong>genere</strong></span> <span class='ocrx_word' id='word_1_217' title='bbox 1051 3193 1265 3259; x_wconf 64' lang='lat' dir='ltr'><strong>oppugnatum</strong></span> <span class='ocrx_word' id='word_1_218' title='bbox 1277 3175 1431 3258; x_wconf 79' lang='lat'><strong>509-588</strong></span> 
     </span>
     <span class='ocr_line' id='line_1_29' title="bbox 435 3265 1442 3358; baseline 0.003 -28"><span class='ocrx_word' id='word_1_219' title='bbox 435 3265 546 3331; x_wconf 81' lang='lat' dir='ltr'><strong>Territi</strong></span> <span class='ocrx_word' id='word_1_220' title='bbox 559 3272 638 3330; x_wconf 86' lang='lat' dir='ltr'><strong>cives</strong></span> <span class='ocrx_word' id='word_1_221' title='bbox 648 3274 772 3332; x_wconf 73' lang='lat' dir='ltr'><strong>Tiresiae</strong></span> <span class='ocrx_word' id='word_1_222' title='bbox 783 3294 875 3354; x_wconf 90' lang='lat' dir='ltr'><strong>opem</strong></span> <span class='ocrx_word' id='word_1_223' title='bbox 889 3274 1077 3356; x_wconf 88' lang='lat' dir='ltr'><strong>implorant,</strong></span> <span class='ocrx_word' id='word_1_224' title='bbox 1091 3277 1145 3356; x_wconf 91' lang='lat' dir='ltr'><strong>qui</strong></span> <span class='ocrx_word' id='word_1_225' title='bbox 1158 3278 1263 3356; x_wconf 84' lang='lat' dir='ltr'><strong>ignem</strong></span> <span class='ocrx_word' id='word_1_226' title='bbox 1275 3295 1367 3358; x_wconf 88' lang='lat' dir='ltr'><strong>super</strong></span> <span class='ocrx_word' id='word_1_227' title='bbox 1378 3293 1442 3335; x_wconf 84' lang='lat' dir='ltr'><strong>aras</strong></span> 
     </span>
     <span class='ocr_line' id='line_1_30' title="bbox 435 3370 1441 3451; baseline 0.003 -22"><span class='ocrx_word' id='word_1_228' title='bbox 435 3370 561 3429; x_wconf 88' lang='lat' dir='ltr'><strong>accendi</strong></span> <span class='ocrx_word' id='word_1_229' title='bbox 571 3370 674 3451; x_wconf 88' lang='lat' dir='ltr'><strong>jubet,</strong></span> <span class='ocrx_word' id='word_1_230' title='bbox 688 3385 719 3431; x_wconf 91' lang='lat' dir='ltr'><strong>et</strong></span> <span class='ocrx_word' id='word_1_231' title='bbox 730 3392 747 3430; x_wconf 92' lang='lat' dir='ltr'><strong>e</strong></span> <span class='ocrx_word' id='word_1_232' title='bbox 759 3373 854 3451; x_wconf 90' lang='lat' dir='ltr'><strong>signis</strong></span> <span class='ocrx_word' id='word_1_233' title='bbox 867 3371 1016 3446; x_wconf 70' lang='lat' dir='ltr'><strong>flammae,</strong></span> <span class='ocrx_word' id='word_1_234' title='bbox 1029 3374 1087 3433; x_wconf 90' lang='lat' dir='ltr'><strong>sibi</strong></span> <span class='ocrx_word' id='word_1_235' title='bbox 1100 3396 1117 3434; x_wconf 92' lang='lat' dir='ltr'><strong>a</strong></span> <span class='ocrx_word' id='word_1_236' title='bbox 1129 3376 1238 3434; x_wconf 90' lang='lat' dir='ltr'><strong>Manto</strong></span> <span class='ocrx_word' id='word_1_237' title='bbox 1251 3373 1316 3434; x_wconf 84' lang='lat' dir='ltr'><strong>filia</strong></span> <span class='ocrx_word' id='word_1_238' title='bbox 1328 3373 1441 3446; x_wconf 86' lang='lat' dir='ltr'><strong>relatis,</strong></span> 
     </span>
     <span class='ocr_line' id='line_1_31' title="bbox 435 3464 1442 3550; baseline 0.003 -25"><span class='ocrx_word' id='word_1_239' title='bbox 435 3466 570 3526; x_wconf 88' lang='lat' dir='ltr'><strong>declarat</strong></span> <span class='ocrx_word' id='word_1_240' title='bbox 589 3467 737 3547; x_wconf 90' lang='lat' dir='ltr'><strong>sanguine</strong></span> <span class='ocrx_word' id='word_1_241' title='bbox 753 3464 893 3526; x_wconf 88' lang='lat' dir='ltr'><strong>humano</strong></span> <span class='ocrx_word' id='word_1_242' title='bbox 912 3466 1101 3550; x_wconf 87' lang='lat' dir='ltr'><strong>placandum</strong></span> <span class='ocrx_word' id='word_1_243' title='bbox 1121 3471 1229 3530; x_wconf 88' lang='lat' dir='ltr'><strong>Martis</strong></span> <span class='ocrx_word' id='word_1_244' title='bbox 1249 3473 1442 3542; x_wconf 84' lang='lat' dir='ltr'><strong>Draconem,</strong></span> 
     </span>
     <span class='ocr_line' id='line_1_32' title="bbox 435 3563 1442 3649; baseline 0.006 -27"><span class='ocrx_word' id='word_1_245' title='bbox 435 3563 643 3645; x_wconf 90' lang='lat' dir='ltr'><strong>ultimumque</strong></span> <span class='ocrx_word' id='word_1_246' title='bbox 655 3586 691 3624; x_wconf 81' lang='lat' dir='ltr'><strong>ex</strong></span> <span class='ocrx_word' id='word_1_247' title='bbox 702 3563 785 3625; x_wconf 91' lang='lat' dir='ltr'><strong>illius</strong></span> <span class='ocrx_word' id='word_1_248' title='bbox 798 3585 908 3645; x_wconf 84' lang='lat' dir='ltr'><strong>genere</strong></span> <span class='ocrx_word' id='word_1_249' title='bbox 920 3569 1110 3649; x_wconf 87' lang='lat' dir='ltr'><strong>superstitem</strong></span> <span class='ocrx_word' id='word_1_250' title='bbox 1125 3568 1352 3628; x_wconf 90' lang='lat' dir='ltr'><strong>immolandum</strong></span> <span class='ocrx_word' id='word_1_251' title='bbox 1364 3591 1372 3628; x_wconf 77' lang='grc' dir='ltr'><strong>ι</strong></span> <span class='ocrx_word' id='word_1_252' title='bbox 1386 3567 1442 3628; x_wconf 91' lang='lat' dir='ltr'><strong>hac</strong></span> 
     </span>
     <span class='ocr_line' id='line_1_33' title="bbox 435 3659 1442 3747; baseline 0.003 -28"><span class='ocrx_word' id='word_1_253' title='bbox 435 3659 499 3720; x_wconf 91' lang='lat' dir='ltr'><strong>sola</strong></span> <span class='ocrx_word' id='word_1_254' title='bbox 513 3661 689 3722; x_wconf 90' lang='lat' dir='ltr'><strong>conditione</strong></span> <span class='ocrx_word' id='word_1_255' title='bbox 703 3663 814 3722; x_wconf 90' lang='lat' dir='ltr'><strong>urbem</strong></span> <span class='ocrx_word' id='word_1_256' title='bbox 832 3677 985 3724; x_wconf 89' lang='lat' dir='ltr'><strong>servatum</strong></span> <span class='ocrx_word' id='word_1_257' title='bbox 1004 3663 1061 3740; x_wconf 83' lang='lat' dir='ltr'><strong>iri3</strong></span> <span class='ocrx_word' id='word_1_258' title='bbox 1081 3666 1249 3746; x_wconf 83' lang='lat'><strong>589-615.</strong></span> <span class='ocrx_word' id='word_1_259' title='bbox 1269 3667 1372 3727; x_wconf 88' lang='lat' dir='ltr'><strong>Creon</strong></span> <span class='ocrx_word' id='word_1_260' title='bbox 1390 3665 1442 3747; x_wconf 91' lang='lat' dir='ltr'><strong>qui</strong></span> 
     </span>
     <span class='ocr_line' id='line_1_34' title="bbox 434 3755 1440 3846; baseline 0.007 -31"><span class='ocrx_word' id='word_1_261' title='bbox 434 3756 555 3834; x_wconf 88' lang='lat' dir='ltr'><strong>aderat,</strong></span> <span class='ocrx_word' id='word_1_262' title='bbox 575 3755 635 3818; x_wconf 92' lang='lat' dir='ltr'><strong>hoc</strong></span> <span class='ocrx_word' id='word_1_263' title='bbox 650 3759 793 3836; x_wconf 92' lang='lat' dir='ltr'><strong>oraculo,</strong></span> <span class='ocrx_word' id='word_1_264' title='bbox 814 3781 877 3842; x_wconf 90' lang='lat' dir='ltr'><strong>quo</strong></span> <span class='ocrx_word' id='word_1_265' title='bbox 897 3762 1091 3824; x_wconf 83' lang='lat' dir='ltr'><strong>Menoeceum</strong></span> <span class='ocrx_word' id='word_1_266' title='bbox 1112 3763 1214 3824; x_wconf 81' lang='lat' dir='ltr'><strong>filium</strong></span> <span class='ocrx_word' id='word_1_267' title='bbox 1235 3765 1321 3846; x_wconf 87' lang='lat' dir='ltr'><strong>posci</strong></span> <span class='ocrx_word' id='word_1_268' title='bbox 1341 3763 1440 3836; x_wconf 88' lang='lat' dir='ltr'><strong>videt,</strong></span> 
     </span>
     <span class='ocr_line' id='line_1_35' title="bbox 434 3857 1442 3942; baseline 0.004 -26"><span class='ocrx_word' id='word_1_269' title='bbox 434 3867 584 3937; x_wconf 85' lang='lat' dir='ltr'><strong>tanquam</strong></span> <span class='ocrx_word' id='word_1_270' title='bbox 596 3857 729 3919; x_wconf 87' lang='lat' dir='ltr'><strong>fulmine</strong></span> <span class='ocrx_word' id='word_1_271' title='bbox 742 3861 926 3942; x_wconf 88' lang='lat' dir='ltr'><strong>percutitur,</strong></span> <span class='ocrx_word' id='word_1_272' title='bbox 940 3877 969 3920; x_wconf 85' lang='lat' dir='ltr'><strong>et</strong></span> <span class='ocrx_word' id='word_1_273' title='bbox 981 3875 1082 3922; x_wconf 87' lang='lat' dir='ltr'><strong>vatem</strong></span> <span class='ocrx_word' id='word_1_274' title='bbox 1097 3864 1220 3923; x_wconf 86' lang='lat' dir='ltr'><strong>reticere</strong></span> <span class='ocrx_word' id='word_1_275' title='bbox 1232 3863 1387 3924; x_wconf 84' lang='lat' dir='ltr'><strong>incassum</strong></span> <span class='ocrx_word' id='word_1_276' title='bbox 1398 3881 1442 3920; x_wconf 92' lang='lat' dir='ltr'><strong>ro·</strong></span> 
     </span>
     <span class='ocr_line' id='line_1_36' title="bbox 433 3955 1441 4041; baseline 0.008 -28"><span class='ocrx_word' id='word_1_277' title='bbox 433 3967 502 4036; x_wconf 82' lang='lat' dir='ltr'><strong>gat3</strong></span> <span class='ocrx_word' id='word_1_278' title='bbox 517 3955 685 4039; x_wconf 83' lang='lat'><strong>616-627.</strong></span> <span class='ocrx_word' id='word_1_279' title='bbox 706 3959 793 4018; x_wconf 87' lang='lat' dir='ltr'><strong>Tunc</strong></span> <span class='ocrx_word' id='word_1_280' title='bbox 807 3961 955 4041; x_wconf 89' lang='lat' dir='ltr'><strong>temporis</strong></span> <span class='ocrx_word' id='word_1_281' title='bbox 970 3962 1145 4023; x_wconf 87' lang='lat' dir='ltr'><strong>Menoeceus</strong></span> <span class='ocrx_word' id='word_1_282' title='bbox 1158 3963 1191 4022; x_wconf 92' lang='lat' dir='ltr'><strong>in</strong></span> <span class='ocrx_word' id='word_1_283' title='bbox 1202 3961 1307 4022; x_wconf 89' lang='lat' dir='ltr'><strong>media</strong></span> <span class='ocrx_word' id='word_1_284' title='bbox 1317 3963 1383 4022; x_wconf 90' lang='lat' dir='ltr'><strong>acie</strong></span> <span class='ocrx_word' id='word_1_285' title='bbox 1396 3961 1441 4020; x_wconf 88' lang='lat' dir='ltr'><strong>in·</strong></span> 
     </span>
     <span class='ocr_line' id='line_1_37' title="bbox 433 4051 1440 4142; baseline 0.004 -32"><span class='ocrx_word' id='word_1_286' title='bbox 433 4053 537 4131; x_wconf 86' lang='lat' dir='ltr'><strong>gentia</strong></span> <span class='ocrx_word' id='word_1_287' title='bbox 556 4051 668 4114; x_wconf 87' lang='lat' dir='ltr'><strong>edebat</strong></span> <span class='ocrx_word' id='word_1_288' title='bbox 689 4051 839 4114; x_wconf 87' lang='lat' dir='ltr'><strong>facinora.</strong></span> <span class='ocrx_word' id='word_1_289' title='bbox 863 4056 928 4116; x_wconf 91' lang='lat' dir='ltr'><strong>Dea</strong></span> <span class='ocrx_word' id='word_1_290' title='bbox 948 4057 1053 4118; x_wconf 89' lang='lat' dir='ltr'><strong>Virtus</strong></span> <span class='ocrx_word' id='word_1_291' title='bbox 1077 4059 1153 4118; x_wconf 85' lang='lat' dir='ltr'><strong>caelo</strong></span> <span class='ocrx_word' id='word_1_292' title='bbox 1175 4057 1321 4142; x_wconf 86' lang='lat' dir='ltr'><strong>delapsa,</strong></span> <span class='ocrx_word' id='word_1_293' title='bbox 1340 4069 1440 4118; x_wconf 88' lang='lat' dir='ltr'><strong>sumto</strong></span> 
     </span>
     <span class='ocr_line' id='line_1_38' title="bbox 431 4149 1442 4238; baseline 0.004 -30"><span class='ocrx_word' id='word_1_294' title='bbox 431 4149 557 4210; x_wconf 87' lang='lat' dir='ltr'><strong>Mantus</strong></span> <span class='ocrx_word' id='word_1_295' title='bbox 568 4150 673 4228; x_wconf 93' lang='lat' dir='ltr'><strong>vultu,</strong></span> <span class='ocrx_word' id='word_1_296' title='bbox 687 4149 771 4212; x_wconf 92' lang='lat' dir='ltr'><strong>hunc</strong></span> <span class='ocrx_word' id='word_1_297' title='bbox 781 4151 862 4230; x_wconf 88' lang='lat' dir='ltr'><strong>adit,</strong></span> <span class='ocrx_word' id='word_1_298' title='bbox 873 4155 963 4236; x_wconf 87' lang='lat' dir='ltr'><strong>eique</strong></span> <span class='ocrx_word' id='word_1_299' title='bbox 975 4169 1099 4216; x_wconf 88' lang='lat' dir='ltr'><strong>narrato</strong></span> <span class='ocrx_word' id='word_1_300' title='bbox 1111 4156 1238 4216; x_wconf 91' lang='lat' dir='ltr'><strong>oraculo</strong></span> <span class='ocrx_word' id='word_1_301' title='bbox 1251 4157 1382 4238; x_wconf 86' lang='lat' dir='ltr'><strong>inspirat</strong></span> <span class='ocrx_word' id='word_1_302' title='bbox 1392 4173 1442 4216; x_wconf 92' lang='lat' dir='ltr'><strong>cu·</strong></span> 
     </span>
    </p>
   </div>
   <div class='ocr_carea' id='block_1_4' title="bbox 0 0 1639 5156">
    <p class='ocr_par' dir='ltr' id='par_1_4' title="bbox 0 0 1639 5156">
     <span class='ocr_line' id='line_1_39' title="bbox 0 0 1639 5156; baseline 0 0"><span class='ocrx_word' id='word_1_303' title='bbox 0 0 1639 5156; x_wconf 95' lang='lat' dir='ltr'><strong> </strong></span> 
     </span>
    </p>
   </div>
  </div>
 </body>
</html>
