3194 5156
614 524 758 588 LIBER
783 524 808 588 1.
1170 523 1231 590 52¹

229 653 291 717 Cui
304 647 457 716 nondum
471 661 540 715 toto
552 663 764 740 peraguntur
776 671 903 716 cornua
916 673 1014 743 gyro,

231 765 345 848 Quum
358 762 484 829 sociam
495 774 614 852 postus
626 760 725 827 niveo
738 757 884 828 candore
894 756 1075 852 juvencam
1184 771 1236 824 ³15

230 872 399 966 Adspicit,
410 869 593 940 ardescunt
604 873 727 952 animi,
740 874 940 967 primusque
951 895 1013 965 per
1024 895 1083 938 ora

231 984 372 1076 Spumot
383 1006 489 1062 amor,
503 998 657 1077 spectant
667 979 807 1066 hilares,
821 998 1008 1076 optantque
1019 983 1180 1074 magistri.

277 1099 429 1189 Occupat
442 1111 577 1188 arrepto
586 1092 657 1188 jum
672 1111 824 1188 tempore
839 1097 976 1164 conscia
988 1112 1112 1163 mater:

236 1239 249 1266 κ
262 1212 376 1276 Hosne
388 1211 476 1275 inter
487 1207 648 1276 simulare
661 1206 799 1292 choros,
813 1226 847 1276 et
858 1207 994 1276 brachia
1007 1205 1089 1276 ludo

133 1403 137 1410 1
233 1323 388 1400 Noctem,
404 1335 498 1401 nate,
511 1343 612 1411 grave
625 1322 697 1388 est?
709 1318 819 1412 gelida
831 1318 914 1414 quid
926 1317 993 1387 tale
1005 1319 1070 1388 sub
1082 1323 1182 1402 Ossa,

231 1427 437 1524 Peliacisque
447 1427 630 1530 jugisiosi
642 1428 726 1498 mihi
735 1427 879 1524 jungere
891 1455 1008 1514 curas,
1184 1443 1232 1497 321

232 1546 341 1634 Atque
353 1540 458 1607 alium
470 1549 605 1632 portare
618 1542 695 1607 sinu
708 1543 882 1633 contingat
893 1538 1074 1608 Achillem'l
1089 1571 1102 1601 s
1166 1545 1176 1561 '

216 1651 410 1736 ,Mulcetun
422 1651 607 1748 laetumque
621 1650 736 1736 rubet,
751 1654 913 1748 visusque
928 1651 1092 1747 superbos

186 1847 267 1900 idest
283 1850 334 1914 ita,
352 1850 451 1921 inquit,
466 1849 501 1902 sd
514 1868 630 1901 amorem
644 1851 687 1902 iu·
732 1848 889 1902 saltantium
907 1863 1009 1920 gestum
1030 1851 1164 1920 expressit.
1182 1849 1237 1899 Ho-

186 1927 350 1980 vendebatur
360 1928 489 1994 Achilles,
504 1943 533 1980 ut
542 1931 687 1998 juvencus,
732 1929 815 1980 ratius
830 1928 934 1995 orl.11‚
949 1946 995 1994 η,
1012 1928 1063 1981 18:
1082 1951 1092 1974 ι
1107 1929 1163 1979 Nea
1174 1925 1237 1978 dare

186 2007 348 2076 «pulsaturus
363 2010 628 2078 estpoterormenti,
645 2009 688 2060 in·
732 2006 842 2060 brachia
860 2009 1006 2060 [audentem
1026 2005 1115 2059 nitidis
1132 2007 1238 2076 virgini·

185 2079 334 2138 flammatur
348 2100 492 2158 conspecta
502 2105 591 2140 vacca.
732 2086 796 2155 bus,
812 2106 889 2140 sacro
898 2090 988 2140 Diome
1001 2087 1109 2139 celebris
1121 2083 1173 2138 die.
1189 2109 1200 2133 ι

221 2164 282 2230 314.
306 2166 430 2224 Nondum
455 2175 508 2218 toto
529 2176 690 2240 pemquntur
769 2167 831 2219 320.
847 2166 941 2218 Gelida
956 2167 1026 2218 Ossa.
1038 2165 1238 2219 Mons'l'hessa·

185 2261 282 2294 cornua
297 2261 372 2318 pyro.
398 2243 524 2296 Nondum
547 2245 575 2294 iu
595 2261 689 2316 gyrum
732 2245 786 2308 lioe3
794 2247 883 2320 pelida
892 2285 900 2312 ,
915 2249 977 2320 quia
989 2247 1176 2319 Septemtrioni
1191 2267 1237 2300 ex·

185 2341 322 2374 conversa.
732 2327 837 2396 positu-s
851 2326 895 2378 bic
908 2346 994 2379 mous.

220 2403 280 2457 315.
289 2405 616 2477 Sociampastas.Vsccam
626 2423 688 2456 cum
768 2405 829 2457 321.
844 2407 924 2478 ij.
937 2425 952 2456 a
963 2406 985 2456 si
998 2405 1182 2479 miltijanqere
1191 2423 1237 2457 au-

185 2503 236 2554 quo
249 2484 343 2554 pascit.
732 2500 781 2535 ras.
802 2485 919 2557 Gronov.
940 2484 1025 2536 Diam.
1043 2504 1070 2555 p.
1086 2485 1135 2554 94,
1152 2483 1214 2554 legit
1229 2504 1235 2535 ι

220 2562 282 2616 316.
296 2565 448 2635 Primusque
461 2581 509 2636 per
519 2581 564 2614 ora
577 2563 688 2633 Spumat
733 2582 748 2615 ο
768 2565 790 2618 si
810 2563 1002 2636 miltijnnqere
1026 2582 1132 2630 curam,
1151 2565 1238 2636 Atque

184 2661 266 2695 umor.
282 2644 395 2694 Primum
413 2645 510 2694 omos-is
526 2644 629 2713 signum
648 2656 688 2695 est
732 2644 815 2697 alium
823 2645 1036 2716 panormitanam,
1048 2657 1139 2695 ete.·-
1149 2642 1238 2695 Pelia·

184 2741 291 2793 spuma‚
307 2743 364 2795 quae
376 2743 424 2794 per
435 2743 465 2776 os
481 2722 649 2776 diffunditur.
732 2726 818 2799 aisque
830 2725 911 2798 jupis.
927 2723 994 2776 Vide
1011 2743 1100 2796 supra.
1112 2754 1149 2764 --
1165 2726 1187 2776 0
1206 2726 1237 2778 si.

220 2803 280 2872 317.
293 2803 320 2854 S.
335 2824 360 2854 a.
370 2821 389 2855 s.
404 2803 430 2854 t.
441 2797 584 2874 optantque
603 2802 688 2876 mapi-
731 2804 799 2856 Illud
812 2805 857 2857 osi
869 2805 987 2874 optantis
998 2817 1044 2856 est.
1054 2805 1173 2855 Persius:
1189 2827 1200 2848 ι
1213 2806 1238 2857 0

184 2882 237 2934 stri.
255 2885 283 2933 ln
297 2881 391 2932 eodem
411 2882 518 2946 codice,
538 2884 688 2954 obstantque
734 2884 755 2933 si
765 2880 864 2932 Ebullit
874 2882 962 2950 putrui
971 2879 1128 2951 praeclarum
1142 2883 1237 2947 funins,

185 2961 309 3034 tnaplstn'.
333 2989 366 3000 -
389 2961 453 3030 Reg.
475 2963 495 3012 Β
518 2959 598 3012 habet
618 2959 687 3011 hauc
733 2976 759 3012 et
781 2980 797 3011 o
819 2961 854 3024 si,
876 2984 887 3008 ι
907 2972 956 3011 etc.
972 2991 1007 3002 -
1022 2962 1136 3036 Junpere
1155 2979 1237 3014 curas.

185 3038 689 3109 lect.Reg.linostrom.En.-Optant·
733 3036 1236 3108 Quemoptaremaddemnat-omanem

184 3135 233 3188 que
244 3116 369 3190 mapistri.
381 3119 494 3188 Optant,
503 3130 532 3167 ut
541 3135 597 3167 eam
606 3117 686 3166 ineat.
732 3116 760 3168 id
773 3129 826 3182 est,
841 3135 872 3168 es
883 3128 908 3168 te
921 3131 1045 3189 nepotem
1059 3117 1172 3172 habere!
1183 3121 1238 3172 avis

183 3197 353 3270 -Mapistri
363 3193 686 3267 Pastores.VirgiliusEcl.
733 3201 803 3251 enim
816 3217 870 3249 non
883 3200 979 3250 minori
996 3219 1063 3252 curae
1078 3219 1136 3254 este
1150 3200 1238 3254 solent

184 3278 219 3339 ΙΙ,
232 3274 283 3327 33:
301 3296 311 3319 ι
331 3277 385 3326 Pon
398 3287 473 3327 curat
491 3293 569 3339 oves,
586 3276 687 3326 ovium·
732 3291 860 3348 nepotes,
873 3295 952 3347 quom
967 3278 1022 3330 lilii.

90 3416 92 3420 Ι
185 3353 689 3427 quemagistros.·sic9repismaqister
768 3355 829 3408 322.
855 3355 946 3408 Allum
966 3356 1109 3410 Achillem.
1129 3357 1159 3410 ld
1180 3371 1238 3424 est,

183 3432 685 3504 '1'ibul.11‚p.5‚35;0v.Fast.lv,747.
732 3451 825 3487 natum
844 3454 876 3486 ex
896 3448 937 3501 te,
957 3436 1005 3488 tibi
1024 3437 1145 3489 similem.
1167 3437 1236 3490 Dido

220 3514 281 3567 318.
299 3513 415 3584 Occupat
431 3524 533 3586 arrepto
545 3515 606 3585 jam
622 3523 688 3563 tem·
733 3513 806 3583 apud
828 3514 987 3584 Virgilium,
1009 3517 1067 3567 AEn.
1088 3516 1135 3580 lv,
1156 3516 1207 3569 328
1228 3539 1235 3568 ι

182 3608 245 3660 pore
257 3590 357 3642 conscia
372 3602 462 3642 mater.
485 3591 565 3662 Regg.
578 3593 598 3642 B
618 3604 645 3643 et
666 3592 687 3643 C
735 3617 747 3640 ι
760 3595 785 3648 si
798 3596 856 3664 quis
870 3593 932 3645 mihi
944 3595 1070 3666 parvulus
1081 3597 1141 3648 aula
1152 3595 1237 3650 Lude·

187 3671 217 3720 0.
237 3689 262 3720 a.
274 3673 333 3742 jam
345 3672 447 3722 conseia
463 3681 577 3742 tempore
595 3683 687 3723 mater.
732 3687 773 3725 ret
788 3674 891 3726 AEneus.
911 3697 921 3720 ι

184 3746 307 3800 exhibent
316 3749 398 3800 En-
405 3750 511 3801 Conscia
520 3760 611 3801 mater.
619 3751 688 3802 Nam
769 3751 830 3803 323.
847 3747 992 3818 Mulaetar,
1006 3752 1145 3825 lutumque
1155 3757 1237 3821 nabet,

185 3841 322 3879 notaverat
331 3847 448 3880 amorem
456 3827 509 3882 lilii.
733 3831 851 3904 visusque
861 3833 986 3904 superbos.
999 3835 1080 3904 Regg.
1096 3835 1150 3884 Bet
1161 3832 1182 3884 C
1193 3833 1238 3884 ha-

220 3908 280 3974 ³¹9·
292 3909 380 3960 [lasne
388 3908 582 3961 intersimulase
589 3909 687 3963 choros.
732 3909 809 3977 beot,
819 3913 1081 3983 oistuqoeproteroos.
1089 3941 1119 3952 —
1129 3913 1239 3965 laetant-

187 3985 273 4037 Hasne
296 3986 364 4037 inter
385 3988 457 4040 malit
477 3989 636 4042 Gronovius.
653 4019 688 4028 -
733 4011 784 4064 que
794 3993 872 4044 nabet.
889 3992 1055 4044 Erubescuut
1068 4004 1094 4044 et
1108 4012 1159 4044 nou
1172 3993 1237 4059 lati,

188 4065 248 4133 llep.
269 4065 289 4114 B
309 4063 390 4117 habet
412 4068 482 4120 hanc
503 4066 563 4120 lect.
585 4070 688 4140 nepe
734 4070 1149 4145 qoumindignautur,etaliquid
1159 4071 1238 4124 mole·

187 4143 312 4195 nost'rsm.
328 4145 513 4200 -Simulara
528 4149 566 4200 Te
579 4167 635 4202 esse
647 4149 687 4202 fe·
733 4151 1238 4224 steterunt-Superbos.Priusquamvi·
1292 4169 1298 4176 ·

185 4223 292 4274 minam.
304 4225 379 4276 -Et
389 4225 493 4279 trachia
501 4227 562 4281 todo
570 4229 686 4282 Nocere.
734 4242 789 4283 etus
795 4231 882 4283 fuisset
887 4230 1080 4302 pulchritudine
1086 4230 1237 4283 Deidamiae.
