3230 5168
555 599 696 662 LIBER
721 599 824 662 Vlll.
1155 599 1216 666 153

261 729 381 792 Pactus
394 730 601 816 Agenoream
613 726 730 817 primis
742 731 825 817 Atys
837 724 906 791 ibat
917 723 960 792 ab
971 727 1067 792 aunis
1168 738 1218 792 555

218 842 374 904 Ismenen
386 837 497 928 (Tyrii
506 832 640 928 juvenis
652 859 721 902 uon
734 833 864 902 advena
874 817 976 917 belli,

216 948 376 1032 Quamvis
388 945 517 1039 Cyn-ha
529 944 650 1013 domus
662 973 670 1012 t
684 970 818 1014 soceros
831 957 895 1013 ne'c
906 945 1059 1014 tristibus
1071 948 1153 1015 actis

216 1055 419 1125 adversatus
431 1061 520 1143 erat)
534 1079 712 1149 sponsam,
726 1059 780 1124 oui
792 1073 905 1126 castus
917 1059 1045 1126 amanti

217 1167 373 1262 Squalor,
386 1183 420 1236 et
431 1163 560 1260 indigni
572 1167 787 1236 commendat
799 1171 904 1261 gratia
915 1167 1037 1236 luctus.

217 1283 295 1371 Ipse
306 1301 443 1373 quoque
454 1279 607 1370 egregius
621 1305 627 1344 :
642 1303 704 1346 nec
716 1295 853 1372 pectora
865 1280 1002 1370 virginis
1015 1277 1068 1346 illi
1168 1291 1219 1344 ⁵60

217 1389 375 1470 Diversa,
388 1391 491 1482 inque
503 1390 628 1470 vicem,
640 1391 766 1457 sineret
778 1395 943 1469 Fortuna,
956 1388 1144 1483 placebant.

218 1498 308 1567 Bella
318 1515 435 1567 vetant
446 1497 564 1582 taedas,
573 1496 757 1595 juvenique
769 1499 849 1568 hine
861 1497 970 1592 major
980 1502 1016 1567 in
1028 1498 1141 1568 hostes

221 1615 274 1677 Ira
287 1635 294 1674 :
307 1610 376 1676 ruit
387 1610 505 1702 primis
517 1611 707 1693 immixtus,
721 1625 755 1677 et
766 1612 901 1701 agmina
912 1615 1031 1679 Leroae

220 1723 317 1787 Nunc
328 1718 432 1812 pedes
444 1743 524 1788 ense
535 1745 637 1812 vago,
648 1723 781 1815 prensis
793 1745 886 1789 nuno
898 1721 1008 1790 celsus
1020 1720 1178 1806 habenis,

220 1833 288 1898 Ceu
301 1831 585 1924 spectetur,agit:
600 1830 722 1924 triplici
734 1829 902 1899 velaverat
913 1848 1005 1899 ostro
1170 1844 1221 1900 565

221 1923 399 2034 Surgentes
413 1943 598 2009 etiamnum
610 1939 788 2024 humeros,
803 1959 836 2010 et
848 1943 933 2011 lesia
945 1961 1053 2012 mater

176 2174 290 2225 Petrens.
301 2171 425 2224 nonnulli
438 2173 526 2226 Barth.
542 2189 569 2227 et
579 2174 677 2247 Delpb.
723 2175 877 2247 Virgilium,
896 2179 942 2248 qui
959 2174 1101 2228 Coroebum
1119 2173 1224 2226 induxit

176 2279 211 2290 -
221 2250 350 2303 Amissum
363 2252 556 2329 Mmoeflevem.
568 2253 678 2326 'Septem
722 2273 852 2329 sponsum
866 2253 1029 2308 Cassandro.

177 2328 239 2381 mibi
246 2327 352 2382 codices
361 2329 402 2383 his
410 2330 492 2383 oculis
500 2333 677 2404 ingesserunt:
759 2333 819 2406 557.
841 2334 947 2405 Cymha.
961 2335 1031 2388 Urbs
1043 2330 1175 2385 Phocidis.
1190 2363 1226 2372 —

176 2422 253 2462 mutoe
257 2409 459 2482 fleveresoroms.
467 2409 547 2462 Addit
555 2425 678 2480 octavum
722 2413 834 2466 Soceros.
849 2411 985 2487 OEdipum
999 2426 1024 2466 et
1036 2415 1178 2466 locustam.
1191 2439 1227 2451 -

175 2487 398 2559 Lindenbrogius.
411 2489 467 2541 Nec
480 2489 513 2542 ab
525 2489 576 2541 hac
588 2490 678 2544 lectio·
726 2491 851 2546 Trists'lms
858 2494 931 2544 actis.
941 2491 987 2544 llle
997 2492 1081 2557 enim,
1091 2503 1122 2542 ut
1131 2491 1227 2562 soepius

176 2587 210 2620 ne
218 2566 342 2621 recedere
349 2571 390 2621 fas
397 2569 457 2620 fuit.
465 2568 537 2637 Quid
544 2571 614 2621 enim
625 2582 678 2621 tam
721 2573 777 2639 jam
789 2571 916 2638 diximus,
928 2585 1032 2642 patrem
1042 2569 1189 2637 occiderat,
1202 2583 1228 2620 et

177 2649 282 2721 vulgare
292 2669 371 2720 quam
383 2651 492 2702 nimium
503 2649 622 2703 dolorem
632 2651 680 2703 ob-
724 2663 835 2701 matrem
845 2668 953 2702 uxorem
964 2649 1088 2700 (luseram
1100 2647 1156 2700 haee
1165 2665 1228 2699 vero

177 2743 322 2782 mutescere
330 2742 357 2782 et
366 2728 503 2782 includere
511 2730 680 2784 vocemised
725 2730 834 2800 proprio
849 2728 903 2780 lilio
919 2742 1054 2800 nupserat.
1069 2757 1104 2766 -
1120 2729 1159 2778 De
1176 2725 1229 2779 hoe

178 2807 280 2874 dicem,
293 2807 384 2860 Musas
399 2826 537 2880 nunquam
550 2828 607 2862 esse
621 2829 680 2861 mu·
725 2806 787 2860 loeo
797 2807 849 2859 vid.
860 2808 923 2859 Eae.
934 2808 966 2860 ad
977 2807 1043 2859 cale.
1055 2805 1111 2877 huj.
1123 2806 1168 2858 lib.
1181 2805 1227 2858 Eo.

179 2902 227 2941 tes.
240 2886 290 2940 Sed
305 2901 417 2940 temere:
433 2905 521 2960 neque
532 2889 584 2941 fuit
594 2887 639 2942 illa
652 2890 681 2942 in
762 2887 823 2942 558.
842 2888 997 2941 Adversatus
1012 2899 1075 2940 erat.
1095 2887 1232 2938 Aversatus

179 2967 268 3020 baeresi
275 2967 373 3020 Statius
381 2965 441 3019 Silv.
448 2968 521 3035 v,3,
534 2966 680 3040 rdeteeqq.
727 2968 874 3038 eratbaog.
887 2966 986 3019 Buslid.
997 2968 1113 3037 Lipsian.
1125 2965 1230 3018 Rebott.

180 3046 340 3119 Epicedioin
349 3059 466 3118 patrem:
480 3047 682 3100 «Stantcircum
727 3060 753 3099 et
767 3045 829 3099 edd.
843 3059 905 3100 vett.
920 3047 1075 3099 Adversatus
1088 3056 1144 3096 emt
1160 3049 1230 3097 Petr.

181 3128 295 3179 attonitae
305 3137 405 3190 vatem,
416 3138 441 3177 et
451 3125 489 3177 nil
498 3123 576 3178 dulce
586 3145 683 3180 sonan·
728 3125 839 3196 Cantab.
859 3127 927 3178 Dan.
945 3127 1033 3178 Petav.
1053 3122 1231 3196 lindenbrog.

181 3221 219 3260 tes
228 3209 284 3259 Nec
295 3205 382 3276 digitis
392 3223 441 3258 nec
451 3224 532 3272 voce,
541 3204 617 3258 Deae:
628 3207 683 3258 dux
727 3204 838 3259 Amstel.
855 3206 973 3258 Gronov.
991 3203 1079 3258 Barth.
1096 3217 1121 3257 et
1134 3201 1231 3276 Delpb.

180 3287 251 3357 ipsa,
270 3283 357 3337 silenti
374 3283 452 3335 Fulta
470 3297 551 3356 caput
566 3283 682 3351 cithara,
763 3282 824 3355 559.
844 3284 960 3358 indigni.
980 3285 1042 3352 Quo
1059 3282 1106 3336 illa
1124 3283 1233 3356 indigne

181 3363 265 3436 qualis
276 3375 339 3434 post
352 3360 460 3434 Orphea
474 3377 580 3435 raptum
592 3362 683 3417 Adsti-
729 3378 797 3426 erat;
811 3384 868 3437 quse
876 3364 985 3417 meliore
995 3377 1067 3417 sorte
1076 3362 1155 3436 digna
1166 3375 1232 3416 erat.

181 3446 228 3509 tit,
242 3441 345 3510 Hebro,
359 3441 417 3494 tibi.
429 3466 440 3489 ι
456 3443 560 3495 Sorores
571 3461 603 3494 ex
614 3461 683 3515 prae-
766 3445 825 3498 563.
845 3446 909 3498 Ruit
917 3445 1011 3517 primis
1021 3443 1162 3496 immistio.
1173 3446 1231 3495 Put.

183 3521 336 3576 cedentibus
345 3520 423 3573 focile
433 3521 618 3592 intelliguntur
627 3523 685 3574 Mu·
727 3524 870 3597 primisque
886 3523 1019 3576 immixtus
1032 3535 1058 3576 et
1070 3523 1185 3596 agmine.
1197 3553 1233 3562 -

182 3621 223 3655 sse.
236 3605 271 3654 Ut
282 3601 361 3656 Ovid.
374 3601 439 3653 Met.
453 3601 498 3667 iv,
511 3601 577 3670 470:
595 3615 644 3654 set
657 3603 683 3654 io
730 3605 827 3657 lemoe.
843 3602 873 3655 ld
887 3617 944 3670 est,
958 3605 1062 3676 Argiva.

183 3683 285 3734 lacinus
304 3679 442 3732 traherent
461 3678 621 3733 Athamanta
641 3700 686 3734 so·
768 3682 827 3750 564.
837 3683 940 3735 Premis
949 3701 1019 3735 nunc
1031 3681 1110 3735 celssts
1121 3681 1234 3736 habenis.

181 3780 263 3814 rores.
273 3785 285 3807 ι
299 3758 353 3814 Ubi
365 3779 396 3812 ex
407 3759 617 3830 procedentibus
628 3779 683 3813 non
732 3762 781 3814 Vel
795 3775 886 3816 vectus
902 3781 987 3834 equo,
1003 3761 1045 3815 vel
1062 3781 1142 3814 curru
1160 3763 1235 3834 equis

181 3855 293 3914 possunt
304 3839 416 3909 intelligi
427 3841 479 3891 nisi
493 3842 586 3892 Furiae.
600 3839 682 3892 Goon.
729 3846 888 3916 juncto3-
903 3842 980 3894 Conf.
999 3839 1044 3893 Sil.
1065 3840 1122 3892 Ital.
1142 3841 1235 3892 Punic.

219 3919 278 3974 555.
291 3919 452 3992 Agenoream
463 3918 592 3970 Ismenen.
605 3921 688 3970 Isme-
734 3923 821 3987 XVll,
840 3919 889 3971 125
901 3934 927 3971 et
939 3940 979 3992 sq.
993 3919 1039 3971 ubi
1053 3918 1184 3974 adductus
1198 3933 1238 3972 est

181 4019 218 4053 ne
231 3999 283 4052 filia
295 3997 394 4069 OEdipi
408 4011 435 4049 et
445 4001 564 4051 locastae.
575 3999 687 4074 -Age-
731 3997 774 4052 bio
786 4001 877 4052 Nostri
893 3998 984 4064 loeus,
1004 4013 1073 4051 nost.
1089 3998 1151 4051 edit.
1172 4013 1235 4051 tons.

182 4097 297 4132 nomam
317 4079 388 4145 Quia
402 4077 535 4130 referebat
553 4096 638 4148 genus
653 4077 687 4130 ad
732 4081 771 4143 ll,
785 4097 846 4150 pag.
862 4077 923 4146 354.
943 4079 991 4130 En.
1009 4139 1010 4144 ¹

183 4162 329 4232 Agenorem
337 4156 578 4229 regeml'hoeuiciae,
584 4171 687 4229 patrem
769 4158 829 4212 565.
851 4159 903 4210 Ceu
919 4169 1054 4230 spectetur.
1074 4155 1115 4208 Ab
1136 4159 1238 4208 lemene

182 4237 286 4292 Cadmi.
735 4235 842 4289 seilicet.

226 4317 286 4372 556.
312 4317 395 4389 Tyrii.
417 4315 546 4370 Thebani.
572 4318 690 4370 imitatur
771 4314 831 4367 566.
850 4316 985 4389 Serpentes
995 4314 1140 4366 etiamnum
1152 4311 1239 4366 hume·
