3256 5160
569 509 712 574 niven
736 509 820 575 xu.
1159 512 1220 595 tot

222 633 348 701 Pabula
360 633 433 709 dira
446 633 543 717 lerae,
556 659 785 731 campumque
797 634 900 703 odere
912 635 1068 706 volucres

222 749 412 838 Spirantem
424 747 517 828 tabo,
529 762 563 814 et
575 746 712 829 caelum,
726 763 914 842 ventosque
926 764 1131 840 gravantem.

221 859 527 942 Quantumetenim
535 879 712 950 superesse
723 863 818 924 rear?
829 856 1225 954 uudaossa,putremque

224 971 326 1035 Urere
340 971 513 1062 permittat
523 971 671 1037 saniem:
685 985 876 1063 properate,
889 959 1027 1038 verendi

220 1079 431 1172 Cecropidae:
446 1103 506 1147 vos
519 1081 583 1148 ista
595 1078 692 1148 decet
702 1078 867 1161 vindicta,
879 1082 1078 1176 priusquam
1173 1095 1225 1166 ⁵7⁰

222 1189 385 1271 Emathii,
398 1183 616 1285 Thra'cesque
628 1191 757 1272 volent,
770 1215 916 1285 quaeque
928 1209 1037 1260 exstat
1047 1193 1174 1288 ubique
1255 1227 1258 1232 ·

221 1303 311 1367 Gens
323 1326 443 1371 arsura
455 1306 560 1394 rogis,
575 1327 769 1397 manesque,
775 1303 930 1371 habitura
942 1329 1130 1399 supremos.

224 1414 307 1476 Nam
320 1415 396 1504 quis
409 1414 472 1479 erit
484 1415 602 1480 saevire
612 1410 755 1480 modus?
766 1412 981 1482 bellavimus:
996 1432 1083 1499 esto;

224 1518 288 1587 Sed
302 1522 452 1590 cecidere
465 1521 556 1602 odia,
570 1540 604 1590 et
615 1525 726 1592 tristes
739 1546 830 1591 mors
843 1521 955 1591 obruit
967 1528 1044 1593 iras.
1058 1529 1067 1534 ’

225 1635 279 1697 Tu
291 1655 445 1726 quoque,
458 1628 496 1700 ut
508 1635 659 1725 egregios
672 1633 761 1700 fama
774 1636 993 1725 cognovimus
1007 1652 1118 1718 actus,
1174 1649 1225 1721 575

224 1748 299 1811 Non
309 1747 462 1814 trucibus
477 1749 636 1814 monstris
649 1748 741 1816 Sinin
752 1744 997 1842 infandumque
1008 1748 1129 1816 dedisti

177 1931 257 1984 quam
270 1914 409 1968 lectionem
421 1919 530 1971 omnino
540 1919 627 1991 probo
637 1943 643 1972 ε
655 1933 682 1972 et
762 1921 823 1990 574.
835 1919 887 1972 Sed
898 1919 1011 1972 cecidere
1022 1919 1095 1986 odie,
1108 1930 1134 1972 et
1149 1922 1228 1973 tristes

177 1991 281 2046 videtur
293 1999 349 2066 ipse
361 2017 419 2049 eam
432 2017 542 2068 poscere
552 2019 634 2072 supra
643 2017 680 2052 vs.
727 1999 949 2052 morsobrnt'tt'ras.
957 1997 1230 2072 EuripidesSupplici·

180 2073 240 2139 248.
256 2077 374 2129 sBsnrn.
726 2075 792 2130 bus:
806 2077 832 2128 Εἰ
842 2065 891 2147 peip
903 2076 975 2130 ursel
984 2075 1229 2147 nsnlvled'nmlnr

213 2153 274 2209 568.
289 2159 422 2227 Quantum
443 2159 537 2210 etenim
559 2175 683 2230 superesse
727 2153 916 2222 dorcastrensi,
928 2154 1229 2222 ἑμῦνισθιπολιμίουςια-

177 2236 251 2285 rear?
269 2238 339 2288 nuda
355 2257 421 2302 osso,
440 2249 606 2311 putremque.
625 2237 683 2287 sEt
727 2237 780 2292 sit.
801 2240 917 2290 «Fecere
930 2236 1006 2288 vobis
1023 2239 1045 2288 si
1062 2236 1127 2308 quid
1141 2240 1230 2308 Argivi

179 2311 222 2364 bic
234 2316 335 2366 variant
346 2317 436 2387 scripti
446 2315 484 2368 illi
493 2317 547 2368 duo
558 2317 632 2381 iibri,
643 2335 684 2368 re·
728 2317 806 2382 male,
815 2316 944 2383 cecidere,
953 2319 980 2369 in
990 2315 1080 2369 hostes
1089 2318 1139 2370 ista
1149 2317 1228 2370 vindi·

179 2394 310 2448 ferentes:
326 2399 458 2467 Quantum
469 2399 557 2448 etiam.
572 2399 682 2449 -ssnra
728 2399 897 2450 ctnestsatis.
906 2421 917 2442 s
926 2396 1166 2450 Eamdemeausam
1176 2397 1232 2449 red·

181 2473 242 2542 lleg.
257 2475 380 2543 Bhabet,
392 2479 526 2547 Quantum
539 2479 634 2530 etenim
644 2496 685 2530 su·
729 2476 767 2529 dit
775 2474 1092 2548 OptatusMillevitanns:
1108 2479 1155 2530 «δί
1163 2482 1231 2530 inter

178 2571 275 2623 peresse
288 2559 361 2607 rear?
374 2557 445 2608 nuda
458 2575 526 2622 osse,
538 2568 681 2628 putresque.
729 2558 845 2614 viventes
860 2557 947 2609 fuerat
961 2569 1109 2623 certamen,
1120 2557 1179 2610 odia
1189 2577 1232 2611 ve-

181 2631 226 2683 Eo.
237 2663 273 2672 -
284 2637 595 2705 Quantumetenim,etc.
606 2639 683 2688 llunc
728 2650 798 2704 stra,
812 2635 853 2688 rel
875 2655 945 2688 rnors
964 2636 1050 2688 aliena
1068 2651 1228 2708 compescat.

181 2731 286 2765 versum
300 2728 326 2766 et
338 2731 453 2787 quatuor
467 2730 607 2790 sequentes
620 2736 684 2787 sup·
728 2718 787 2768 Jam
799 2729 869 2767 tacet
884 2734 1005 2786 cumqno
1017 2715 1147 2786 litigabas.
1159 2741 1170 2764 ι
1180 2718 1231 2769 Dio

180 2795 312 2862 posititios
327 2814 384 2848 esse
397 2795 454 2848 vult
469 2797 595 2868 Guyetus.
728 2797 932 2868 Chrysostomus
956 2797 1083 2847 Oratione
1102 2795 1134 2847 de
1144 2797 1232 2868 Lege:

218 2875 277 2945 569.
306 2877 383 2928 Urere
412 2877 547 2948 permittat
575 2876 683 2928 saniem.
729 2873 775 2926 Ani
785 2871 1182 2931 nneteoleimtinmeatnie
1199 2874 1233 2928 int

183 2952 288 3005 Vertere
302 2956 438 3025 pemittnt
452 2956 517 3006 Dan.
532 2984 568 2995 -
584 2957 646 3024 ling.
666 2955 686 3004 B
729 2953 851 3016 trasmittas
864 2951 939 3018 spiret,
959 2949 1013 3004 tu'tl
1030 2949 1070 3004 nris
1089 2950 1173 3019 ἔχθραι
1192 2953 1233 3003 ul

182 3030 301 3096 exhibet,
320 3033 397 3084 Urere
409 3033 563 3104 permittant
576 3035 683 3084 sortiem.
729 3029 770 3084 σὺ
785 3031 848 3099 ὕβριν
865 3030 895 3086 n't
909 3029 944 3083 erl
963 3019 1067 3098 stipam
1085 3029 1163 3084 215oeko
1181 3033 1233 3083 irrr-

219 3111 279 3180 570.
298 3113 452 3185 Cecropidae.
469 3112 656 3178 Athenienses,
671 3129 685 3162 a
731 3111 882 3163 tatamen..
903 3111 1015 3181 Propter
1032 3110 1101 3163 banc
1115 3125 1233 3162 mortuos

183 3190 303 3260 Cecrope
315 3209 384 3261 rege.
731 3209 810 3242 nemo
822 3187 925 3259 judicat
938 3187 1051 3254 hostes,
1074 3207 1161 3259 neque
1178 3191 1234 3256 ira,

219 3273 279 3338 ⁵7¹·
292 3271 419 3322 Emathii.
432 3271 592 3323 Macedones
607 3293 613 3322 :
628 3271 687 3322 lda-
731 3287 820 3339 neque
843 3269 937 3339 injuria
958 3271 985 3320 in
1007 3287 1101 3321 eorum
1121 3288 1235 3341 corpora

183 3348 296 3402 cetlonia
316 3352 385 3401 enim
406 3351 480 3420 prius
502 3350 623 3402 Emathia
639 3369 688 3400 vo·
732 3346 913 3400 extenditur.-

184 3441 253 3480 catn.
271 3457 305 3468 —-
325 3428 443 3481 Thraces.
464 3429 531 3480 Vide
550 3428 635 3480 Tbeb.
649 3430 687 3495 V,
769 3428 830 3496 576.
844 3427 930 3479 Sinin.
953 3427 1021 3479 Sinis
1040 3427 1149 3497 insignis
1168 3426 1236 3478 latro

184 3527 208 3560 v.
222 3507 264 3560 53.
277 3537 311 3548 -
324 3507 352 3559 V
349 3506 428 3558 olent.
439 3505 470 3556 ld
485 3522 539 3572 est,
551 3507 688 3571 advolent,
734 3522 760 3560 et
775 3506 985 3572 crudelissimus,
996 3508 1041 3579 qui
1050 3506 1177 3560 Isthmum
1191 3505 1239 3556 ob-

187 3605 234 3640 sen
249 3599 405 3648 accurrant,
428 3585 510 3639 ulturi
528 3599 582 3638 tam
601 3587 689 3639 infan—
734 3586 1115 3653 sidebatCon'ntltiaeuru,ubi
1125 3591 1238 3638 viatores

188 3665 251 3719 dum
263 3669 372 3719 facinus.
735 3665 908 3731 observabat,
920 3683 1040 3737 quosque
1055 3684 1149 3736 capere
1161 3678 1239 3736 pote-

223 3745 284 3816 572.
298 3746 544 3817 Geneatsnraroqis.
556 3746 689 3814 Quianon
734 3760 776 3798 rat
792 3746 945 3797 arotissimis
963 3743 1075 3796 vinculis
1096 3744 1129 3796 atl
1151 3763 1238 3796 ramos

187 3845 278 3890 omnes
290 3827 383 3898 populi
398 3839 565 3878 mortuorum
580 3843 691 3896 corpora
735 3824 897 3876 diversarum
909 3826 1047 3894 pinorum,
1057 3824 1081 3874 vi
1094 3822 1129 3874 ad
1140 3835 1238 3874 terram

188 3908 339 3960 cremabant
353 3927 359 3960 ι
373 3908 566 3959 l'ersaeenimet
579 3907 691 3978 AEgyptii
736 3922 821 3974 usqne
844 3917 982 3967 curvatus,
1004 3901 1129 3973 alligabat
1149 3923 1155 3952 τ
1177 3921 1239 3953 mox

188 3988 262 4039 nefas
285 3987 417 4058 putebant
439 4000 560 4038 mortuos
583 3985 692 4038 comba·
736 3982 907 4036 redeuntibus
919 3985 945 4035 in
962 3985 1075 4055 priorem
1089 3982 1179 4034 locum
1194 3999 1239 4032 ra-

189 4085 260 4131 rere,
276 4065 310 4118 ob
328 4067 441 4118 rationes
459 4085 525 4137 quas
542 4064 692 4117 llerodotus
737 4066 800 4130 mis,
811 4065 829 4115 ii
842 4065 965 4116 miserum
980 4065 1008 4113 in
1019 4060 1128 4113 modum
1142 4060 1240 4112 discer-

191 4145 286 4210 relert,
301 4144 405 4216 agendo
419 4144 452 4196 de
466 4145 507 4198 bis
522 4143 638 4217 populis.
737 4142 870 4215 pebsntur
883 4158 914 4193 ac
933 4137 1156 4194 distrahebantur.
1176 4139 1240 4189 Ovi·

227 4223 288 4293 573.
300 4226 403 4278 Saevire.
417 4225 466 4276 Pro
479 4223 609 4278 seevientli.
738 4221 795 4274 dius
808 4222 872 4272 Met.
888 4222 935 4272 Vll
941 4257 949 4286 ‚
965 4239 989 4270 v.
1006 4218 1058 4285 440
1076 4240 1082 4271 :
1105 4241 1116 4265 ι
1135 4216 1240 4269 Occidit
