3194 5156
374 533 442 600 528
586 533 621 596 P.
648 533 684 597 P.
710 529 1215 599 STtT1ttct11tnEtnos

421 664 689 756 Depositumque
704 662 838 752 ingens,
855 655 973 726 timido
987 659 1219 726 commisimus
1232 674 1323 740 astu,
1371 671 1424 724 tts

420 775 470 844 Sis
484 771 577 854 felix,
594 787 790 865 taceasque,
806 791 940 862 precor,
956 791 1024 863 quo
1039 791 1132 836 more
1147 768 1279 837 tacebat

419 889 517 952 Creta
532 881 650 950 Rheae:
665 897 697 948 te
711 879 833 971 longus
847 876 973 958 honos,
986 892 1178 972 aeternoque
1191 879 1328 968 cingent

419 994 577 1088 Templa,
590 1017 654 1062 nec
667 991 813 1061 instabili
825 991 915 1057 fama
929 989 1133 1083 superabere
1147 989 1241 1058 Delo.

373 1230 425 1280 mia
438 1225 579 1299 pollicetur
590 1225 784 1278 tacitumitntis.
803 1223 873 1276 Mar.
920 1236 947 1278 et
958 1242 1055 1276 nomen
1065 1235 1140 1276 tuom
1154 1240 1234 1294 quam
1244 1219 1301 1274 Deli
1316 1221 1422 1286 insulae,
1453 1212 1456 1221 ¹

408 1306 469 1360 385.
496 1305 646 1378 Depositum
672 1305 771 1378 inpens-
793 1302 874 1371 Quod
920 1323 978 1377 quaa
987 1301 1120 1374 Apollinis
1130 1303 1238 1354 ornculo
1248 1304 1298 1354 toti
1307 1301 1364 1355 orbi
1374 1321 1422 1354 no·

371 1389 441 1440 enitn
457 1387 543 1457 majus
553 1385 704 1457 depositum
715 1403 771 1436 esse
785 1395 874 1456 potest
919 1385 1018 1434 tissime
1032 1383 1090 1434 tuit.
1103 1380 1236 1449 Instabili,
1248 1401 1302 1433 rem
1318 1379 1422 1433 fabulo·

371 1464 443 1518 lilio?
457 1466 560 1516 Maron.
919 1481 974 1514 sam
985 1463 1164 1535 prosequitur,
1176 1463 1319 1533 quesisse
1330 1459 1420 1514 babet.

407 1545 468 1615 387.
490 1545 572 1596 Creta.
588 1542 681 1607 Creta,
696 1541 782 1594 insula
794 1539 873 1592 moris
917 1540 1133 1615 luppiter-,simul
1144 1543 1420 1615 atquelsatonamgro-

371 1625 574 1687 Mediterranei,
595 1621 718 1690 adjacens
740 1620 873 1691 Pelopon·
917 1621 1006 1673 vidam
1028 1622 1107 1688 fecit,
1127 1623 1236 1674 Asterie
1258 1623 1314 1692 ejus
1335 1623 1420 1674 sorori

371 1723 446 1756 neso.
463 1733 499 1743 -
516 1704 589 1754 Creta
603 1701 687 1752 ereoe.
703 1702 765 1751 liare
782 1699 873 1750 fabula
917 1703 970 1753 vim
994 1701 1090 1753 inferre
1113 1715 1226 1752 conatus
1245 1715 1306 1753 est:
1330 1719 1419 1753 verum

370 1798 418 1835 est.
431 1784 574 1846 Saturnus,
586 1794 727 1852 postquam
740 1799 756 1831 a
767 1778 873 1832 'l'liemi-
916 1782 1006 1852 puella
1016 1784 1121 1854 fugiens
1129 1785 1265 1834 nominum
1276 1783 1420 1834 miseratio·

370 1864 404 1916 tle
416 1863 526 1915 orttculo
540 1863 671 1932 comperit
689 1880 703 1912 a
721 1860 773 1911 lilio
790 1877 872 1929 regno
916 1881 950 1915 ne
972 1865 1000 1914 in
1025 1864 1188 1914 coturnicem
1212 1879 1340 1914 conversa
1360 1875 1418 1927 eat,

370 1961 398 1996 ee
417 1961 495 2014 posse
514 1940 630 2012 depelli,
653 1951 728 1992 natos
747 1958 779 1991 ex
800 1937 870 1990 llbeo
916 1943 1421 2014 quarnGraeciortygavocaot..luppiter

369 2039 450 2073 uxore
465 2019 627 2085 devorabat,
644 2036 701 2088 que
715 2030 808 2068 nalum
824 2018 873 2066 J0·
916 2024 1045 2074 antemio
1062 2023 1185 2093 Aquilam
1202 2034 1320 2074 mutatus
1337 2040 1418 2094 quum

368 2120 427 2153 vem
442 2097 641 2172 pulchritudine
652 2097 783 2150 delectata
797 2115 872 2168 nym·
917 2119 975 2153 eant
990 2118 1083 2171 rapere
1094 2099 1188 2165 vellet,
1205 2098 1296 2152 divino
1310 2117 1357 2151 usa
1372 2117 1419 2150 au-

369 2179 429 2252 phis
441 2177 636 2232 commendavit
648 2179 675 2228 in
688 2190 777 2228 moute
789 2176 872 2228 Crete
915 2177 979 2232 xilio
992 2179 1018 2230 in
1032 2177 1147 2250 lapidem
1165 2179 1352 2232 transformato
1365 2191 1418 2242 est,

368 2259 485 2322 llictteo,
496 2254 543 2308 obi
553 2273 614 2306 eum
625 2253 746 2306 oluerunt
756 2272 836 2325 opes,
846 2266 872 2305 et
916 2263 962 2330 qui
977 2259 1022 2311 diu
1035 2258 1084 2312 tub
1099 2260 1176 2330 aquis
1190 2258 1280 2322 Ιαωὶις
1296 2271 1419 2311 ceterum

354 2336 482 2410 'adhibiti
497 2348 557 2388 tuni
570 2337 679 2388 Curetes
695 2347 721 2385 et
735 2333 872 2406 Coryban-
914 2341 1039 2410 dupplici·
1052 2338 1176 2410 precibus
1197 2340 1418 2406 innominatus,

368 2431 423 2483 tes,
445 2419 490 2488 qui
510 2416 607 2466 tinnitu
625 2416 682 2466 seris
700 2414 870 2485 prohiberent
916 2436 976 2470 eum
987 2436 1066 2490 super
1076 2435 1159 2490 aquas
1169 2418 1260 2470 efferri
1271 2417 1341 2470 tecit.
1352 2419 1419 2469 Pra-

368 2495 454 2548 oudiri
476 2496 552 2565 pueri
572 2495 697 2564 vagitum.
720 2491 797 2546 Unde
820 2495 871 2565 ipsi
915 2500 1031 2550 sentiens
1045 2495 1141 2550 deinde
1158 2499 1229 2550 Juno
1243 2499 1372 2549 Latonam
1386 2515 1418 2550 ex

367 2589 429 2627 sunt
444 2576 535 2627 matris
549 2575 634 2627 Deum
649 2574 768 2624 ministri.
780 2575 815 2625 Ut
826 2593 871 2624 nu·
914 2576 980 2628 Jove
1004 2576 1139 2645 gravidam
1160 2577 1277 2628 immisso
1298 2575 1418 2648 Pythone

368 2667 420 2706 tom
442 2653 557 2723 fingatur
574 2652 702 2705 Saturnus
721 2650 788 2703 lilios
806 2669 870 2704 suos
915 2668 1038 2726 serpente
1055 2673 1113 2707 earo
1132 2672 1304 2726 peromnem
1322 2667 1418 2706 terram

367 2752 486 2786 comesse
501 2733 556 2784 ltaec
570 2733 638 2784 ratio
655 2745 708 2797 est,
723 2733 786 2802 quia
805 2731 869 2784 diei·
914 2750 1052 2808 persecuta
1072 2749 1125 2802 est,
1140 2755 1198 2806 quae
1212 2735 1320 2788 tandem
1336 2755 1417 2808 quum

367 2828 411 2864 tur
424 2815 496 2865 lleus
511 2829 567 2864 esse
583 2812 735 2863 eternitatis
753 2823 779 2862 et
793 2829 871 2864 secu·
914 2813 1419 2884 adlitorapervenissetasororesuasu·

366 2892 461 2944 lorum.
475 2891 568 2945 Secula
586 2905 674 2943 autem
695 2908 780 2942 annos
797 2911 869 2943 exse
913 2908 1005 2968 acepta
1018 2910 1071 2962 est,
1083 2895 1175 2966 ibique
1188 2897 1290 2968 peperit
1303 2897 1417 2948 Dianam

366 2987 442 3024 natos
455 2975 481 3024 in
499 2991 526 3024 so
542 2971 693 3036 revolvunt,
708 2969 770 3022 inde
785 2989 869 3042 praee
914 2989 939 3028 ot
962 2975 1115 3047 Apollinem
1133 2977 1160 3028 in
1182 2974 1286 3047 Cyntho
1309 2991 1416 3044 monte,

366 3048 645 3124 Kfirtsrquasixpimc,
656 3051 682 3103 itl
693 3063 868 3123 etin-tmpus,
914 3057 960 3126 qui
977 3055 1089 3108 insolam
1104 3067 1212 3106 nantem
1229 3053 1319 3107 adimo
1335 3059 1417 3109 insta·

365 3132 468 3184 «licitur.
479 3135 548 3204 Ergo
560 3150 611 3207 quo
623 3149 694 3183 more
704 3132 803 3183 tacebat
814 3133 869 3183 Cre·
913 3135 1046 3207 bilemque
1056 3149 1193 3188 cernentes
1204 3136 1317 3208 amplius
1329 3157 1416 3190 errore

366 3223 391 3262 to
408 3213 501 3277 Rieu,
522 3211 550 3262 id
566 3227 622 3275 est,
643 3213 704 3283 quia
722 3212 776 3264 illic
795 3226 867 3263 certe
912 3218 983 3286 pnssi
996 3235 1050 3268 non
1064 3228 1134 3268 aunt.
1145 3214 1222 3267 Unde
1234 3230 1274 3268 est
1285 3216 1352 3268 illud
1362 3217 1417 3269 Vir-

363 3294 436 3343 Jovis
455 3293 570 3344 nutritus
589 3306 647 3357 est,
666 3311 699 3344 ne
719 3311 735 3344 a
753 3293 865 3344 Saturno
910 3295 980 3366 pilii,
993 3298 1050 3347 AEn.
1068 3295 1118 3363 lll,
1133 3295 1182 3365 75:
1203 3296 1258 3346 «At
1274 3297 1334 3367 pius
1351 3298 1416 3350 orci·

364 3387 439 3445 patre
447 3371 624 3434 occideretur,
635 3373 671 3424 sio
680 3385 722 3434 tu,
733 3390 749 3422 o
758 3371 865 3444 Scyros,
911 3387 1006 3427 tenens
1024 3393 1100 3439 oras,
1119 3389 1192 3427 eto.»
1211 3377 1255 3428 tir
1269 3393 1334 3446 erpo
1348 3376 1414 3430 Delo

364 3451 578 3504 commendatum
598 3453 647 3504 tibi
665 3449 794 3503 Achillem
817 3451 865 3504 ab·
911 3455 1042 3520 instabili,
1063 3457 1126 3526 quia
1143 3470 1204 3507 ante
1223 3455 1268 3506 diu
1288 3455 1413 3510 lluctoota

363 3533 472 3585 sconde.
492 3534 620 3585 Ltc‘rttt'r.
911 3549 959 3588 est.
979 3538 1041 3588 Eam
1060 3535 1166 3588 Solinus
1185 3535 1277 3587 scribit
1296 3537 1414 3609 appella·

399 3613 458 3668 388.
479 3613 599 3665 Instabili
612 3611 687 3664 Delo.
702 3613 769 3664 Vide
780 3611 865 3665 Theb.
910 3629 964 3668 tant
983 3634 1041 3668 esse
1060 3615 1212 3687 Ortygiam,
1231 3617 1293 3687 quia
1311 3615 1348 3669 ibi
1361 3619 1414 3688 pri·

362 3696 389 3758 1,
405 3709 470 3762 702;
488 3692 563 3744 Ovid.
579 3694 642 3746 Met.
656 3693 702 3756 Vl,
721 3709 784 3760 ¹9¹²
805 3695 865 3744 «ln.
910 3713 982 3746 mum
1003 3696 1062 3748 siste
1083 3697 1136 3748 siut
1157 3697 1325 3762 coturnices,
1346 3714 1412 3768 quas

362 3773 537 3844 stabilemque
553 3773 640 3823 locum
657 3771 738 3824 Delos
757 3771 861 3824 dedit.»
910 3774 992 3826 Groeci
1014 3786 1043 3824 ut
1061 3772 1175 3826 diximus
1195 3785 1301 3846 ortygas
1320 3774 1413 3846 appel-

361 3852 447 3918 ldem,
460 3853 520 3904 rod.
534 3851 578 3902 lib.
595 3872 618 3903 v.
630 3853 696 3904 332:
713 3875 724 3897 ι
733 3871 812 3922 quam
823 3853 863 3905 vix
908 3851 972 3903 lant.
986 3849 1140 3903 Aristoteles
1152 3851 1238 3904 Delon
1251 3852 1411 3924 appellatam

360 3935 469 3986 erratica
489 3933 569 3984 Delos
589 3945 709 3982 orantem
726 3933 859 4000 accepit·
909 3949 967 3982 ease
990 3927 1124 4000 prodidit,
1150 3931 1275 4000 quoniam
1301 3945 1411 4000 repente

359 4012 426 4066 Vide
437 4026 528 4072 notata
538 4013 571 4064 de
584 4011 625 4063 bis
635 4013 724 4064 Nostri
736 4023 761 4062 et
774 4011 863 4064 Ovidii
908 4011 1061 4080 apparuerit
1072 4022 1158 4062 enata.
1169 4009 1333 4078 AEglostenea
1343 4011 1410 4084 Cyn·

359 4089 439 4158 locis,
449 4093 522 4142 Poet.
531 4093 587 4142 Lot.
599 4091 662 4142 ttin.
672 4104 735 4141 tom.
744 4090 790 4154 IV,
800 4111 860 4162 pap.
908 4087 999 4156 thiam,
1007 4089 1050 4141 alii
1058 4091 1197 4154 Asterium,
1205 4089 1323 4160 Laginoi,
1332 4089 1409 4142 Cbltt·

360 4170 419 4236 542.
434 4173 481 4223 Eo.
496 4201 531 4212 -
542 4167 663 4224 Instabili
668 4167 748 4241 sama
759 4188 861 4243 supera·
906 4169 1408 4244 ruydiam,Cyoetbum,Pprpilem,igne

358 4251 415 4300 bere
427 4249 501 4304 Delo.
515 4250 610 4320 Major,
622 4251 722 4322 inquit,
733 4250 782 4302 erit
792 4250 859 4302 iarun
905 4250 943 4302 ibi
955 4253 1069 4320 primunt
1080 4264 1194 4322 reporto.
1215 4253 1337 4304 Rtttrttttt.
