3264 5166
370 577 437 654 204
608 571 644 634 1³.
671 569 706 632 1³.
731 566 889 634 sraru
913 565 1193 633 raassrnos

418 699 575 766 Protinus
587 695 653 764 iota
664 691 770 775 malo,
782 695 888 762 vitrea
900 690 943 761 de
953 689 1042 760 valle
1053 689 1173 759 solutis

417 807 549 877 Exsiliit
562 803 747 875 furibunda
758 805 883 888 comis,
894 826 935 870 ao
946 799 1086 871 verbere
1097 802 1217 871 crebro

417 923 573 1016 Oraque,
585 932 809 1012 pectoraque,
822 929 858 982 et
868 910 1011 982 viridem
1023 911 1124 982 scidit
1134 911 1274 982 horrida
1284 931 1424 982 vestem.

418 1035 533 1125 thue
541 1029 655 1121 erupit
661 1027 1192 1123 aquis,iterumque,iterumque
1201 1027 1359 1106 mmeuti
1374 1039 1426 1093 35⁵

419 1142 627 1232 ingeminat,
638 1141 793 1220 Crenaee,
806 1160 912 1205 sono:
925 1159 1097 1231 nusquam
1108 1133 1183 1220 ille,
1196 1134 1256 1204 sed
1267 1135 1370 1204 index

419 1256 590 1344 Desuper,
602 1247 647 1317 ab
658 1250 791 1317 miserae
803 1249 947 1316 nimium
958 1247 1131 1316 noscenda
1143 1249 1294 1341 parenti,

421 1367 541 1429 Parma
552 1375 647 1428 natat
658 1387 665 1426 :
677 1356 768 1452 jacet
780 1361 853 1452 ipse
865 1357 1001 1452 procul,
1013 1384 1082 1454 qua
1093 1361 1199 1428 mixta
1210 1383 1411 1453 supremum

420 1476 580 1541 lsmenon
592 1472 692 1564 primi
704 1485 840 1538 mutant
849 1469 996 1538 confinia
1006 1472 1112 1562 ponti.
1377 1483 1429 1554 359

419 1581 650 1673 fluctivagam
662 1581 711 1648 sic
722 1603 812 1672 saepe
824 1578 982 1662 domum,
995 1577 1220 1676 madidosque
1232 1597 1372 1676 penates

420 1691 594 1786 Halcyone
605 1691 739 1761 deserta
752 1695 872 1785 gemit,
887 1715 996 1786 quum
1008 1694 1150 1786 pignora
1162 1717 1273 1762 saevus

420 1808 558 1887 Auster,
570 1817 606 1871 et
615 1799 767 1895 algentes
779 1802 892 1896 rapuit
903 1800 1023 1870 Thetis
1035 1801 1149 1872 invida
1161 1802 1269 1872 nidos.

461 1916 628 2008 Mergitur
639 1914 722 1983 orba
730 1916 875 1997 iterum,
887 1915 1093 2010 penitusque
1104 1913 1237 1984 occulta
1250 1915 1316 1984 sub
1329 1913 1429 1984 undis

410 2135 472 2190 3⁵2.
491 2137 525 2191 P.
540 2139 558 2190 i.
571 2155 607 2191 m.
622 2139 704 2192 vitreo
714 2140 747 2192 de
758 2138 829 2192 ualle
839 2157 881 2194 so-
925 2139 1113 2215 Pluetusoqnm
1125 2140 1231 2212 optime
1240 2137 1341 2192 llsrtbii
1350 2156 1430 2192 mem·

375 2216 444 2271 lutis.
457 2217 515 2270 rut.
530 2217 587 2270 Pet.
602 2217 682 2270 Aldd.
694 2218 783 2272 Golin.
794 2218 880 2270 Plane
925 2219 1254 2292 brane.-Fluotioopam
1264 2217 1432 2291 madidosque

374 2295 517 2350 lindenbr.
531 2311 558 2351 et
571 2299 651 2350 Cruo.
665 2299 746 2352 vitrea
759 2300 791 2352 de
802 2317 882 2372 ηιμ,-
924 2312 1042 2371 penates.
1054 2299 1206 2372 Halcyones
1217 2300 1287 2350 enim
1299 2296 1378 2350 nidos
1391 2297 1431 2349 fa·

375 2379 668 2450 Den.1·aog.Gevart.
688 2381 772 2432 Gron.
791 2379 881 2432 Barth.
926 2381 1003 2432 ciunt
1016 2380 1045 2432 in
1058 2381 1138 2432 maris
1153 2376 1283 2430 litoribus.

375 2455 497 2530 plerique
513 2471 539 2510 et
552 2455 651 2530 Delph.
664 2457 745 2510 nitrea
755 2459 787 2511 de
802 2457 881 2510 nolle.
963 2459 1024 2512 361.
1044 2459 1191 2531 Halcyone.
1207 2456 1274 2510 Plio.
1288 2457 1355 2508 Hist.
1368 2457 1430 2508 Nat.

379 2537 499 2590 ¹0mues
517 2535 578 2589 libri
595 2537 694 2604 nostri,
708 2535 790 2608 aliqui
804 2540 882 2591 etiam
926 2539 966 2604 X,
980 2557 1040 2610 cap.
1055 2537 1105 2607 47:
1121 2539 1181 2588 «Eo
1193 2537 1306 2588 maxime
1320 2547 1383 2587 sunt
1392 2536 1431 2586 in·

377 2613 511 2681 aliorum,
533 2615 614 2669 vitrea
636 2616 668 2668 de
690 2613 760 2668 valle
780 2615 881 2687 legunt.
927 2615 1362 2689 signesllalcyoneszdiesearum
1372 2631 1432 2685 par

376 2691 546 2746 Plausibilior
566 2711 633 2746 sane
652 2691 709 2746 bare
729 2692 827 2760 lectio,
848 2693 882 2747 de
927 2696 1433 2768 tus‚maria‚quiqnenavigant‚nove·

376 2773 489 2826 internIs
502 2771 614 2828 vallibus
632 2777 660 2828 in
679 2774 774 2842 durio,
793 2773 883 2847 qualia
927 2795 956 2829 re
967 2799 973 2829 ι
986 2775 1115 2828 fetificant
1125 2774 1236 2840 bruma,
1249 2776 1295 2846 qui
1305 2772 1363 2826 dies
1376 2770 1433 2824 ltal-

377 2850 438 2905 looa
449 2850 604 2906 describunt
616 2855 643 2906 in
657 2855 689 2908 iis
703 2867 801 2926 poete,
813 2869 844 2907 ut
855 2855 883 2906 in
927 2854 1054 2930 cyonides
1072 2867 1220 2923 vocantur,
1240 2852 1349 2926 placido
1366 2851 1433 2904 mari

376 2931 469 2986 Tiberi
483 2931 665 3002 Claudianus,
676 2933 805 3006 Paneqyr.
819 2936 882 2986 Pro·
927 2957 977 3012 per
988 2956 1049 3003 eos,
1061 2950 1088 2990 et
1099 2937 1213 2990 maxime
1225 2931 1381 3006 navigabili,
1393 2933 1434 2986 si-

377 3012 465 3066 bint-
486 3016 585 3066 Btnrn.
928 3017 990 3071 culo
1004 3019 1124 3069 maxime.
1140 3019 1169 3068 ln
1186 3013 1293 3088 reliquis
1312 3011 1434 3086 partibus

413 3092 475 3146 353.
490 3095 648 3147 Furibunda.
661 3096 791 3171 Attonita.
804 3093 882 3146 Lana.
928 3109 967 3150 est
975 3095 1083 3170 quidem
1091 3097 1179 3148 mitius
1186 3094 1308 3167 pelagus,
1315 3090 1434 3146 Siculum

414 3172 477 3241 354.
492 3173 595 3244 Oraque
603 3184 770 3245 pectoraque.
779 3175 814 3226 Ut
825 3191 883 3224 mos
928 3179 1021 3249 utique
1043 3173 1192 3228 nectabile.
1213 3175 1325 3226 Faciunt
1345 3184 1433 3225 autem

379 3266 435 3306 erat
447 3255 474 3305 iu
487 3251 570 3306 luctu.
928 3270 1030 3328 septem
1038 3268 1099 3308 ante
1108 3254 1230 3306 brumam
1238 3252 1333 3305 diebus
1340 3250 1434 3317 nidos,

414 3332 477 3387 356.
495 3333 661 3407 Inpeminot,
676 3334 793 3400 Crenoee,
807 3351 884 3401 sono,
929 3351 956 3389 et
972 3333 1082 3387 totidem
1101 3331 1274 3405 sequentibus
1294 3332 1409 3402 pariunt.
1420 3351 1434 3377 a

379 3425 431 3466 eto.
450 3411 544 3465 behet.
567 3429 590 3478 ι,
612 3412 721 3475 ονοηοε,·
740 3411 802 3465 edd.
819 3425 883 3465 vett.
929 3415 1094 3468 Fabulantur
1109 3426 1197 3468 autem
1216 3424 1302 3483 poete
1322 3407 1436 3482 Halcyo-

381 3494 483 3546 Crenee.
497 3491 578 3542 rNon
588 3491 689 3563 probo,
700 3492 775 3564 quod
783 3491 886 3544 melnnt
929 3513 992 3548 nem
1012 3495 1095 3547 inisse
1115 3493 1208 3566 Ceycis
1227 3509 1357 3559 uxorem,
1378 3507 1436 3562 qua·

380 3569 504 3624 nonnulli
516 3569 591 3636 libri,
608 3570 743 3624 Gnaeu-
764 3572 859 3622 Brarn.
931 3594 1012 3648 quum
1021 3574 1140 3626 delatum
1150 3571 1436 3643 adseoorpusmariti5

416 3648 479 3719 357.
497 3649 627 3723 Desuper,
647 3649 682 3701 alr
700 3650 814 3718 miseroe,
832 3663 883 3703 eto.
931 3656 976 3726 qui
997 3655 1137 3725 naufragio
1159 3653 1289 3724 perierat,
1311 3650 1436 3717 vidisset,

382 3733 498 3801 Desuper
515 3729 550 3782 ha
568 3730 666 3784 misero
679 3730 707 3783 in
724 3729 885 3804 quibusdam
930 3734 1253 3806 dolorisimpatientia‚in
1260 3748 1437 3802 mareseprte·

381 3808 539 3864 bertinianis.
930 3815 1068 3887 cipitovit‚
1091 3829 1123 3863 ao
1146 3809 1240 3862 ambos
1263 3809 1437 3860 miseratione

417 3889 479 3942 358.
492 3889 549 3960 Qun
560 3888 644 3942 mitta
652 3907 799 3962 supremum
808 3889 887 3942 Isme-
930 3890 1050 3960 Thetidis
1059 3891 1086 3942 in
1097 3907 1158 3941 oves
1168 3889 1297 3953 marinas,
1307 3905 1366 3958 qun
1375 3884 1437 3938 uat-

382 3987 435 4023 non
447 3967 530 4040 primi
546 3979 651 4022 mutant
665 3966 782 4042 confinio
798 3967 885 4041 ponti.
932 3991 1029 4046 cyones
1047 3983 1191 4036 rotantur,
1208 3987 1267 4022 esse
1284 3984 1435 4020 conversos.

382 4048 412 4100 ld
426 4061 482 4116 est,
496 4050 524 4100 in
539 4067 592 4121 qua
610 4059 687 4121 parte
701 4067 729 4100 se
747 4050 814 4100 mari
824 4050 886 4119 jun·
931 4052 999 4107 Vide
1013 4051 1090 4108 Ovid.
1106 4052 1170 4103 Met.
1183 4051 1234 4116 xl,
1250 4062 1277 4102 et
1289 4049 1436 4100 burianum

381 4130 462 4202 gebat
470 4131 605 4199 larnenus,
616 4142 723 4182 mutans
733 4129 851 4182 colorem
861 4143 888 4182 et
931 4135 959 4185 in
972 4131 1119 4204 Halcyone.

382 4231 516 4287 saporem.
972 4211 1033 4266 362.
1059 4208 1183 4282 Alpentes
1208 4206 1291 4260 nidos.
1317 4202 1436 4276 Halcyon

418 4291 478 4347 360.
498 4289 678 4365 fluetiooyom
692 4293 728 4345 sio
741 4309 821 4364 sepe,
835 4305 885 4346 etc.
933 4294 1001 4343 enim
1016 4288 1088 4361 parit
1100 4289 1172 4340 circa
1185 4285 1317 4338 brumam.
