3272 5166
609 519 752 586 LIBER
776 519 817 583 X.
1171 523 1231 586 321

242 654 390 744 Impetus
402 635 413 714 :'
423 648 503 729 hoc,
516 669 590 730 oro,
603 670 728 714 munus
739 644 886 714 concede
897 648 1039 739 parenti.
1187 663 1237 732 705

241 765 293 830 Sic
303 777 362 829 tua
372 761 513 828 maturis
525 760 700 850 signentur
710 773 862 850 tempora
870 761 983 842 canis,

242 876 283 938 Et
294 871 339 938 sis
351 872 425 962 ipsc
435 891 573 962 parens,
586 866 673 935 etad
685 866 790 950 hunc,
802 869 966 949 animose,
980 853 1141 941 timorem

242 982 419 1050 Pervenias
432 1005 439 1045 :
452 1003 495 1046 ne
507 999 609 1071 perge
621 965 714 1046 meos
726 977 845 1046 orbare
854 995 1007 1071 penates.

242 1094 380 1160 Extemi
391 1107 425 1158 te
438 1113 561 1183 nempe
573 1105 702 1182 patres,
715 1089 890 1184 alienaque
900 1106 1045 1182 tangunt

243 1205 407 1294 Pignora?
419 1202 447 1268 si
459 1198 570 1293 pudor
580 1213 647 1280 est,
659 1201 807 1291 primum
819 1200 978 1267 miserere
988 1215 1137 1268 tuorum.
1190 1233 1243 1286 710

245 1317 324 1380 Haec
334 1313 458 1404 pietas,
470 1308 526 1378 hic
536 1331 636 1378 verus
648 1306 773 1391 bonos,
785 1307 831 1376 ibi
842 1308 948 1400 gloria
961 1323 1094 1376 tantum

245 1428 498 1516 ventosumque
510 1419 632 1502 decus,
645 1418 801 1514 titulique
811 1423 848 1488 in
860 1437 967 1491 morte
978 1419 1130 1490 latentes.

247 1543 315 1607 Nec
328 1535 465 1605 timidus
478 1553 510 1604 tc
521 1533 619 1604 ilecto
631 1557 754 1627 parens
766 1561 773 1602 :
786 1537 814 1618 i,
828 1535 944 1630 praelia
954 1538 1072 1620 misce,

246 1653 308 1716 Per
319 1651 452 1714 Danaas
464 1648 568 1729 acies,
583 1643 778 1738 mediosque
790 1669 850 1738 per
860 1643 980 1714 obvius
992 1669 1108 1732 enses;

238 1763 323 1828 'Non
334 1755 1059 1826 teneo:liceatmiserotremebundulavare
1193 1777 1246 1842 715

248 1866 413 1949 Vulnera,
425 1881 459 1934 et
469 1865 656 1934 undantem
668 1862 813 1933 lacrimis
826 1867 950 1934 siccare
961 1889 1134 1950 cruorem,

199 2109 282 2171 petus.
293 2097 424 2151 intellexit
433 2095 460 2148 id
468 2095 564 2150 Fabius
574 2097 704 2150 Maximus
749 2101 844 2152 venias.
864 2098 1007 2166 Quomodo
1021 2117 1070 2171 ego
1088 2099 1138 2154 tibi
1151 2102 1249 2168 timeo,

201 2177 275 2249 apud
283 2179 393 2230 Livium.
405 2175 536 2242 «Omnia,
547 2178 647 2247 inquit,
658 2195 703 2230 au·
746 2181 785 2246 aie
793 2193 822 2230 tu
832 2179 924 2232 timeas
933 2178 1023 2231 liberis
1033 2181 1100 2233 tuis:
1111 2179 1139 2232 id
1148 2194 1201 2248 eet,
1210 2184 1249 2234 sic

200 2255 309 2308 dentem
318 2267 471 2308 contemnet
480 2256 625 2308 Hannibal:
637 2256 704 2308 nihil
748 2260 781 2312 ad
793 2260 820 2313 id
830 2264 913 2313 atatis
921 2263 1074 2332 pervenias,
1084 2265 1249 2335 utpaterria.

200 2346 425 2406 temereegeutem
433 2345 540 2386 metuet.
547 2335 703 2387 Omnienon
784 2357 844 2408 7¹⁰·
864 2340 1028 2413 Piynoruist'
1036 2341 1122 2412 pudor
1131 2351 1181 2408 est,
1193 2345 1251 2414 pri-

202 2414 356 2484 proporauti
376 2411 449 2464 clara
468 2425 592 2484 certaque
610 2427 702 2466 erunt:
749 2435 821 2468 mum
838 2417 955 2470 miserere
972 2427 1085 2471 tuomm.
1107 2421 1137 2470 ln
1156 2419 1249 2472 eodem

202 2494 335 2545 festinatio
348 2492 495 2565 improvida
507 2507 547 2546 est
563 2505 590 2545 et
602 2513 678 2546 caca.
691 2517 702 2542 ι
749 2494 838 2548 Barth.
853 2493 962 2547 codice:
974 2497 997 2548 ai
1008 2507 1105 2553 certum
1116 2507 1159 2550 est.

201 2571 235 2623 Et
241 2571 424 2645 Thucydides:
436 2567 536 2638 Δᾶαμὶι
544 2567 705 2625 tuentem
785 2590 813 2643 71
824 2572 1092 2647 t.1biqloriutantum
1101 2574 1128 2626 V
1125 2586 1251 2630 catorum·

201 2649 366 2719 ἠιῦβινήᾳ,
375 2647 450 2714 πάχος
458 2669 484 2702 rt
494 2648 534 2700 sei
543 2646 608 2719 ini.
623 2673 634 2697 ι
645 2653 704 2702 Duo
749 2670 799 2725 que
811 2651 896 2704 decus.
910 2654 971 2705 Non
983 2654 1072 2724 potuit
1083 2656 1187 2726 aptiore
1199 2657 1252 2726 epi·

205 2729 386 2782 adversissima
399 2741 476 2781 recta
495 2732 595 2790 menti,
610 2728 704 2781 celeri·
750 2732 824 2785 theto
847 2731 969 2784 humanas
993 2732 1081 2802 gloriar
1108 2736 1251 2788 vanitatem

204 2821 244 2860 tae
263 2821 289 2860 et
307 2810 377 2860 ira.»
399 2808 484 2874 Nam,
503 2819 532 2858 ut
552 2809 589 2859 ait
606 2807 705 2859 Domo-
748 2813 941 2884 perstringore,
952 2813 1124 2883 cujustamen
1135 2817 1251 2887 aucupio

205 2886 310 2940 sthenes
320 2883 435 2958 Philipp.
448 2901 471 2953 t,
482 2885 571 2951 Διῖμὶι
580 2881 705 2946 βουλεύω·
749 2892 873 2943 mortales
885 2892 973 2943 omnic
986 2891 1104 2959 faciunt,
1118 2895 1160 2944 cui
1171 2895 1251 2947 vitam

204 2966 260 3030 θιι,
273 2964 432 3032 ἔφ’ἧσνχιίε,
441 2964 512 3018 russis
525 2963 592 3018 ttae
600 2963 706 3032 dikum
751 2973 1146 3042 suam‚parentumcaritatcm‚
1155 2988 1252 3028 cuncte

201 3043 267 3110 uni
280 3045 386 3101 nudie.
404 3043 579 3096 -Detiberm
598 3044 705 3116 quidem
751 3049 865 3120 denique
883 3049 1065 3122 posthabenda
1081 3050 1251 3107 arbitrantur.

205 3137 313 3195 oportet
327 3124 413 3191 lente,
427 3122 548 3176 consulta
561 3123 654 3194 exequi
665 3125 706 3175 le·
787 3147 847 3200 7¹²·
869 3130 1058 3202 Ventorumque
1069 3131 1156 3198 derua,
1171 3133 1252 3187 tituli·

206 3206 341 3256 slinautet’.
355 3227 366 3250 s
381 3202 441 3255 Sall.
456 3202 532 3255 Catil.
548 3221 570 3254 c.
590 3219 612 3268 t,
625 3220 706 3253 snam
751 3227 801 3281 que
820 3209 847 3259 in
868 3219 950 3262 morte
969 3209 1084 3262 latentes.
1104 3211 1202 3264 Buslid,
1224 3215 1253 3266 in

101 3351 104 3359 ι
205 3297 232 3336 et
245 3285 318 3353 prins
331 3301 408 3356 quam
425 3285 549 3355 incipias,
566 3281 706 3349 consulto,
751 3301 833 3342 morte
842 3291 977 3360 jacentes:
995 3303 1022 3341 ct
1040 3293 1075 3342 ita
1096 3310 1128 3344 ex
1145 3295 1251 3364 optimis

206 3377 247 3432 et,
265 3362 311 3414 ubi
324 3362 505 3429 consulueris,
519 3375 621 3412 mature
635 3359 706 3414 facto
751 3366 830 3418 codd.
844 3367 895 3438 legi
906 3366 962 3420 rult
970 3367 1100 3420 Bacchius.

207 3460 275 3514 opus
289 3455 337 3494 est*⁸
349 3464 360 3488 ι
381 3442 427 3494 En.
568 3443 570 3448 '
787 3443 847 3510 714.
858 3447 911 3497 Per
918 3445 1024 3498 Danaas
1033 3446 1107 3500 acies.
1119 3449 1139 3499 1
1146 3448 1253 3504 Danaas

243 3521 302 3592 705.
322 3521 393 3586 Hoc,
407 3538 461 3573 otu.
477 3519 503 3571 Si
519 3520 560 3570 las
573 3531 613 3570 cat
624 3517 705 3569 lilium
750 3523 816 3574 acies
830 3523 911 3594 hang.
928 3521 997 3576 Busl.
1013 3523 1080 3576 Dan.
1099 3526 1158 3577 Put.
1172 3525 1252 3582 Aldd.

208 3601 277 3653 orari
290 3609 308 3651 ιι·
316 3603 409 3664 Patre,
424 3617 472 3650 oro
488 3597 529 3650 vel
545 3595 707 3648 obliviscaris
753 3598 929 3654 basilidem.
945 3602 1087 3655 lindenbr.
1105 3619 1130 3656 et
1146 3606 1251 3662 Gerart.

207 3678 286 3750 hujus
298 3681 352 3745 rei,
364 3677 404 3730 rel
416 3677 524 3730 differas
537 3695 609 3742 earn,
622 3675 707 3727 donec
751 3681 786 3731 In
802 3679 909 3731 Danaas
926 3681 991 3732 acics
1009 3694 1078 3734 unut
1093 3683 1186 3736 hehet.
1202 3687 1252 3740 Per

208 3759 301 3812 melius
322 3772 457 3810 auctorem
476 3760 534 3827 ejus
554 3773 707 3822 cognoscas.
752 3759 858 3810 Danaas
869 3760 936 3811 acies
948 3761 1064 3812 Gronov.
1080 3761 1213 3817 Barthian.
1226 3781 1254 3820 et

208 3839 266 3890 Vet.
278 3837 425 3889 Commeat.
752 3835 983 3909 Delph—liegg.
998 3839 1253 3908 Bstc‚1,1)anaas

245 3917 304 3986 706.
314 3918 357 3970 otc
365 3929 418 3969 tua.
427 3915 579 3985 Adjurantis
586 3913 707 3972 allectus.
753 3918 819 3968 acies
830 3915 962 3972 exhibent.
982 3919 1029 3970 En.

245 4015 304 4067 7⁰7·
328 3999 364 4048 Et
383 3998 416 4048 sis
434 3998 486 4069 ipse
502 4014 613 4066 parens,
632 3993 710 4046 etad
789 3993 848 4064 715.
867 3994 929 4047 Non
951 4007 1043 4049 teneo:
1066 3996 1143 4050 liceat
1162 4002 1254 4053 mt'sero

211 4077 293 4143 hunc,
308 4078 436 4141 animose,
449 4078 574 4128 timum.
587 4073 708 4126 barthius
752 4075 918 4128 tremebunda
931 4075 1026 4128 lavare.
1041 4079 1104 4149 lleg.
1118 4080 1152 4147 B,
1167 4083 1254 4132 tremi-

209 4173 241 4209 ex
260 4157 360 4226 optimo
375 4155 467 4206 codice
485 4153 562 4225 legit:
581 4155 620 4206 Sis
637 4162 666 4204 ut
684 4163 710 4204 et
754 4154 839 4205 buada
855 4153 1075 4220 labureexhibe13
1089 4157 1153 4228 fleg.
1167 4161 1253 4212 Cno.

209 4238 262 4308 ipse
271 4253 377 4308 parens,
391 4249 441 4288 etc.
453 4267 489 4278 -
501 4235 630 4288 Timorem
645 4235 709 4287 Pcr-
754 4247 833 4286 stram
845 4230 904 4285 lect.
923 4233 969 4286 En.

305 4325 368 4389 III.
1071 4347 1107 4389 ar
