<?xml version="1.0" encoding="UTF-8"?>
<!DOCTYPE html PUBLIC "-//W3C//DTD XHTML 1.0 Transitional//EN"
    "http://www.w3.org/TR/xhtml1/DTD/xhtml1-transitional.dtd">
<html xmlns="http://www.w3.org/1999/xhtml" xml:lang="en" lang="en">
 <head>
  <title>
</title>
<meta http-equiv="Content-Type" content="text/html;charset=utf-8" />
  <meta name='ocr-system' content='tesseract 3.04.00' />
  <meta name='ocr-capabilities' content='ocr_page ocr_carea ocr_par ocr_line ocrx_word'/>
</head>
<body>
  <div class='ocr_page' id='page_1' title='image "./libriquinquesil00statgoog_0125.png"; bbox 0 0 3230 5168; ppageno 0'>
   <div class='ocr_carea' id='block_1_1' title="bbox 393 464 1200 539">
    <p class='ocr_par' dir='ltr' id='par_1_1' title="bbox 393 464 1200 539">
     <span class='ocr_line' id='line_1_1' title="bbox 393 464 1200 539; baseline 0.014 -12"><span class='ocrx_word' id='word_1_1' title='bbox 393 464 454 528; x_wconf 86' lang='lat'>116</span> <span class='ocrx_word' id='word_1_2' title='bbox 624 467 657 529; x_wconf 84' lang='lat' dir='ltr'>P.</span> <span class='ocrx_word' id='word_1_3' title='bbox 685 468 717 528; x_wconf 83' lang='lat' dir='ltr'>P.</span> <span class='ocrx_word' id='word_1_4' title='bbox 745 467 899 530; x_wconf 80' lang='lat' dir='ltr'>STATIl</span> <span class='ocrx_word' id='word_1_5' title='bbox 924 469 1200 539; x_wconf 80' lang='lat' dir='ltr'>THEBAIDOS</span> 
     </span>
    </p>
   </div>
   <div class='ocr_carea' id='block_1_2' title="bbox 429 589 1430 1009">
    <p class='ocr_par' dir='ltr' id='par_1_2' title="bbox 431 589 1397 797">
     <span class='ocr_line' id='line_1_2' title="bbox 431 589 1397 690; baseline 0.011 -32"><span class='ocrx_word' id='word_1_6' title='bbox 431 597 583 678; x_wconf 84' lang='lat' dir='ltr'><strong>Quercus</strong></span> <span class='ocrx_word' id='word_1_7' title='bbox 595 590 717 659; x_wconf 84' lang='lat' dir='ltr'>anhela</span> <span class='ocrx_word' id='word_1_8' title='bbox 728 594 836 673; x_wconf 88' lang='lat' dir='ltr'>Jovis,</span> <span class='ocrx_word' id='word_1_9' title='bbox 850 589 1066 689; x_wconf 86' lang='lat' dir='ltr'>Trojaunque</span> <span class='ocrx_word' id='word_1_10' title='bbox 1078 595 1251 690; x_wconf 83' lang='lat' dir='ltr'><strong>Thymbra</strong></span> <span class='ocrx_word' id='word_1_11' title='bbox 1267 601 1397 670; x_wconf 85' lang='lat' dir='ltr'>tacebit.</span> 
     </span>
     <span class='ocr_line' id='line_1_3' title="bbox 432 702 1234 797; baseline 0.011 -28"><span class='ocrx_word' id='word_1_12' title='bbox 432 707 500 796; x_wconf 86' lang='lat' dir='ltr'>Ipsi</span> <span class='ocrx_word' id='word_1_13' title='bbox 512 725 644 784; x_wconf 87' lang='lat' dir='ltr'>amnes,</span> <span class='ocrx_word' id='word_1_14' title='bbox 657 705 807 797; x_wconf 76' lang='lat' dir='ltr'>ipsaeque</span> <span class='ocrx_word' id='word_1_15' title='bbox 819 702 933 770; x_wconf 87' lang='lat' dir='ltr'>volent</span> <span class='ocrx_word' id='word_1_16' title='bbox 945 727 1095 775; x_wconf 84' lang='lat' dir='ltr'>arescere</span> <span class='ocrx_word' id='word_1_17' title='bbox 1107 707 1234 778; x_wconf 82' lang='lat' dir='ltr'>laurus.</span> 
     </span>
    </p>

    <p class='ocr_par' dir='ltr' id='par_1_3' title="bbox 431 812 1193 910">
     <span class='ocr_line' id='line_1_4' title="bbox 431 812 1193 910; baseline 0.009 -29"><span class='ocrx_word' id='word_1_18' title='bbox 431 819 510 908; x_wconf 89' lang='lat' dir='ltr'>lpse</span> <span class='ocrx_word' id='word_1_19' title='bbox 520 812 605 882; x_wconf 87' lang='lat' dir='ltr'><strong>nihil</strong></span> <span class='ocrx_word' id='word_1_20' title='bbox 618 831 748 882; x_wconf 89' lang='lat' dir='ltr'>certum</span> <span class='ocrx_word' id='word_1_21' title='bbox 761 816 848 906; x_wconf 76' lang='lat' dir='ltr'>sagis</span> <span class='ocrx_word' id='word_1_22' title='bbox 861 813 1074 906; x_wconf 78' lang='lat' dir='ltr'><strong>clangoribus</strong></span> <span class='ocrx_word' id='word_1_23' title='bbox 1088 821 1193 910; x_wconf 85' lang='lat' dir='ltr'>aether</span> 
     </span>
    </p>

    <p class='ocr_par' dir='ltr' id='par_1_4' title="bbox 429 923 1430 1009">
     <span class='ocr_line' id='line_1_5' title="bbox 429 923 1430 1009; baseline 0.006 -17"><span class='ocrx_word' id='word_1_24' title='bbox 429 928 607 1009; x_wconf 78' lang='lat' dir='ltr'>Proecinet‚</span> <span class='ocrx_word' id='word_1_25' title='bbox 623 942 656 993; x_wconf 90' lang='lat' dir='ltr'>et</span> <span class='ocrx_word' id='word_1_26' title='bbox 668 923 762 992; x_wconf 85' lang='lat' dir='ltr'>nulla</span> <span class='ocrx_word' id='word_1_27' title='bbox 774 925 936 992; x_wconf 86' lang='lat' dir='ltr'>ferientur</span> <span class='ocrx_word' id='word_1_28' title='bbox 947 926 990 994; x_wconf 89' lang='lat' dir='ltr'>ab</span> <span class='ocrx_word' id='word_1_29' title='bbox 1004 927 1081 997; x_wconf 82' lang='lat' dir='ltr'>alite</span> <span class='ocrx_word' id='word_1_30' title='bbox 1094 929 1211 1000; x_wconf 88' lang='lat' dir='ltr'>nubes.</span> <span class='ocrx_word' id='word_1_31' title='bbox 1380 947 1430 998; x_wconf 66' lang='lat' dir='ltr'>aas</span> 
     </span>
    </p>
   </div>
   <div class='ocr_carea' id='block_1_3' title="bbox 311 1145 1430 3685">
    <p class='ocr_par' dir='ltr' id='par_1_5' title="bbox 311 1145 1430 3376">
     <span class='ocr_line' id='line_1_6' title="bbox 382 1145 1429 1222; baseline 0.011 -22"><span class='ocrx_word' id='word_1_32' title='bbox 382 1145 561 1218; x_wconf 73' lang='lat' dir='ltr'>lindenbrog.</span> <span class='ocrx_word' id='word_1_33' title='bbox 581 1162 607 1200; x_wconf 88' lang='lat' dir='ltr'>et</span> <span class='ocrx_word' id='word_1_34' title='bbox 624 1149 701 1201; x_wconf 87' lang='lat' dir='ltr'>Cruc.</span> <span class='ocrx_word' id='word_1_35' title='bbox 721 1151 759 1202; x_wconf 88' lang='lat' dir='ltr'>lta</span> <span class='ocrx_word' id='word_1_36' title='bbox 778 1148 882 1202; x_wconf 81' lang='lat' dir='ltr'>Rehott.</span> <span class='ocrx_word' id='word_1_37' title='bbox 928 1155 968 1206; x_wconf 88' lang='lat' dir='ltr'>nis</span> <span class='ocrx_word' id='word_1_38' title='bbox 995 1156 1136 1208; x_wconf 80' lang='lat' dir='ltr'>existimnri</span> <span class='ocrx_word' id='word_1_39' title='bbox 1162 1155 1285 1222; x_wconf 83' lang='lat' dir='ltr'>volebat,</span> <span class='ocrx_word' id='word_1_40' title='bbox 1311 1158 1429 1212; x_wconf 76' lang='lat' dir='ltr'>arietinis</span> 
     </span>
     <span class='ocr_line' id='line_1_7' title="bbox 384 1228 1430 1308; baseline 0.008 -28"><span class='ocrx_word' id='word_1_41' title='bbox 384 1246 407 1296; x_wconf 88' lang='lat' dir='ltr'>r,</span> <span class='ocrx_word' id='word_1_42' title='bbox 421 1248 451 1291; x_wconf 82' lang='lat'>2;</span> <span class='ocrx_word' id='word_1_43' title='bbox 463 1228 511 1281; x_wconf 87' lang='lat' dir='ltr'>sed</span> <span class='ocrx_word' id='word_1_44' title='bbox 523 1242 648 1300; x_wconf 89' lang='lat' dir='ltr'>corrupta</span> <span class='ocrx_word' id='word_1_45' title='bbox 659 1242 793 1302; x_wconf 83' lang='lat' dir='ltr'>postrema</span> <span class='ocrx_word' id='word_1_46' title='bbox 806 1229 882 1282; x_wconf 82' lang='lat' dir='ltr'>litera</span> <span class='ocrx_word' id='word_1_47' title='bbox 928 1233 1054 1288; x_wconf 84' lang='lat' dir='ltr'>cornibus</span> <span class='ocrx_word' id='word_1_48' title='bbox 1068 1238 1094 1288; x_wconf 85' lang='lat' dir='ltr'>in</span> <span class='ocrx_word' id='word_1_49' title='bbox 1106 1239 1193 1308; x_wconf 85' lang='lat' dir='ltr'>eapite</span> <span class='ocrx_word' id='word_1_50' title='bbox 1205 1235 1313 1306; x_wconf 74' lang='lat' dir='ltr'>depingi</span> <span class='ocrx_word' id='word_1_51' title='bbox 1325 1253 1355 1288; x_wconf 88' lang='lat' dir='ltr'>ac</span> <span class='ocrx_word' id='word_1_52' title='bbox 1367 1235 1430 1288; x_wconf 90' lang='lat' dir='ltr'>cudi</span> 
     </span>
     <span class='ocr_line' id='line_1_8' title="bbox 381 1308 1428 1384; baseline 0.006 -24"><span class='ocrx_word' id='word_1_53' title='bbox 381 1308 548 1379; x_wconf 82' lang='lat' dir='ltr'>suppositum</span> <span class='ocrx_word' id='word_1_54' title='bbox 557 1310 584 1360; x_wconf 91' lang='lat' dir='ltr'>in</span> <span class='ocrx_word' id='word_1_55' title='bbox 596 1322 710 1381; x_wconf 88' lang='lat' dir='ltr'>utroque</span> <span class='ocrx_word' id='word_1_56' title='bbox 720 1309 837 1363; x_wconf 77' lang='lat' dir='ltr'>Molossi.</span> <span class='ocrx_word' id='word_1_57' title='bbox 847 1341 883 1350; x_wconf 92' lang='lat'>-</span> <span class='ocrx_word' id='word_1_58' title='bbox 926 1311 1010 1364; x_wconf 80' lang='lat' dir='ltr'>voluit</span> <span class='ocrx_word' id='word_1_59' title='bbox 1024 1313 1057 1366; x_wconf 91' lang='lat' dir='ltr'>ad</span> <span class='ocrx_word' id='word_1_60' title='bbox 1075 1313 1152 1368; x_wconf 85' lang='lat' dir='ltr'>iidem</span> <span class='ocrx_word' id='word_1_61' title='bbox 1173 1317 1291 1384; x_wconf 72' lang='lat' dir='ltr'>generis:</span> <span class='ocrx_word' id='word_1_62' title='bbox 1307 1315 1377 1367; x_wconf 85' lang='lat' dir='ltr'>unde</span> <span class='ocrx_word' id='word_1_63' title='bbox 1395 1315 1428 1366; x_wconf 89' lang='lat' dir='ltr'>ab</span> 
     </span>
     <span class='ocr_line' id='line_1_9' title="bbox 379 1387 1428 1460; baseline 0.005 -21"><span class='ocrx_word' id='word_1_64' title='bbox 379 1389 461 1458; x_wconf 68' lang='lat' dir='ltr'>Regg.</span> <span class='ocrx_word' id='word_1_65' title='bbox 482 1387 501 1436; x_wconf 84' lang='lat' dir='ltr'>B</span> <span class='ocrx_word' id='word_1_66' title='bbox 521 1401 546 1439; x_wconf 87' lang='lat' dir='ltr'>et</span> <span class='ocrx_word' id='word_1_67' title='bbox 566 1387 602 1453; x_wconf 88' lang='lat' dir='ltr'>C,</span> <span class='ocrx_word' id='word_1_68' title='bbox 624 1387 737 1440; x_wconf 83' lang='lat' dir='ltr'>Molosso</span> <span class='ocrx_word' id='word_1_69' title='bbox 754 1387 880 1459; x_wconf 77' lang='lat' dir='ltr'>praebent.</span> <span class='ocrx_word' id='word_1_70' title='bbox 926 1390 1428 1460; x_wconf 71' lang='lat' dir='ltr'>ArnhihnsZnnlmrmin,seuhabeus</span> 
     </span>
     <span class='ocr_line' id='line_1_10' title="bbox 378 1467 1428 1540; baseline 0.004 -22"><span class='ocrx_word' id='word_1_71' title='bbox 378 1467 426 1519; x_wconf 81' lang='lat' dir='ltr'>En.</span> <span class='ocrx_word' id='word_1_72' title='bbox 441 1468 561 1538; x_wconf 83' lang='lat' dir='ltr'>-Quin</span> <span class='ocrx_word' id='word_1_73' title='bbox 576 1479 600 1520; x_wconf 84' lang='lat' dir='ltr'>et</span> <span class='ocrx_word' id='word_1_74' title='bbox 615 1467 743 1540; x_wconf 73' lang='lat' dir='ltr'>consiperi</span> <span class='ocrx_word' id='word_1_75' title='bbox 758 1469 822 1522; x_wconf 84' lang='lat' dir='ltr'>uatis</span> <span class='ocrx_word' id='word_1_76' title='bbox 835 1487 881 1519; x_wconf 83' lang='lat' dir='ltr'>ue·</span> <span class='ocrx_word' id='word_1_77' title='bbox 926 1467 981 1521; x_wconf 90' lang='lat' dir='ltr'>duo</span> <span class='ocrx_word' id='word_1_78' title='bbox 999 1489 1100 1524; x_wconf 84' lang='lat' dir='ltr'>cornua</span> <span class='ocrx_word' id='word_1_79' title='bbox 1115 1485 1225 1524; x_wconf 86' lang='lat' dir='ltr'>vocatus</span> <span class='ocrx_word' id='word_1_80' title='bbox 1240 1485 1287 1522; x_wconf 83' lang='lat' dir='ltr'>est.</span> <span class='ocrx_word' id='word_1_81' title='bbox 1307 1471 1388 1538; x_wconf 89' lang='lat' dir='ltr'>Quod</span> <span class='ocrx_word' id='word_1_82' title='bbox 1402 1487 1428 1524; x_wconf 83' lang='lat' dir='ltr'>et</span> 
     </span>
     <span class='ocr_line' id='line_1_11' title="bbox 318 1545 1428 1620; baseline 0.003 -22"><span class='ocrx_word' id='word_1_83' title='bbox 318 1597 321 1606; x_wconf 91' lang='grc'>,</span> <span class='ocrx_word' id='word_1_84' title='bbox 379 1545 881 1618; x_wconf 73' lang='lat' dir='ltr'>mus.lotelbgitlovisllammonisora·</span> <span class='ocrx_word' id='word_1_85' title='bbox 926 1551 1013 1601; x_wconf 75' lang='lat' dir='ltr'>ceteri</span> <span class='ocrx_word' id='word_1_86' title='bbox 1027 1548 1190 1602; x_wconf 76' lang='lat' dir='ltr'>Macedoniae</span> <span class='ocrx_word' id='word_1_87' title='bbox 1202 1567 1276 1620; x_wconf 78' lang='lat' dir='ltr'>reges</span> <span class='ocrx_word' id='word_1_88' title='bbox 1287 1549 1428 1616; x_wconf 79' lang='lat' dir='ltr'>fecere,ut</span> 
     </span>
     <span class='ocr_line' id='line_1_12' title="bbox 379 1625 1427 1700; baseline 0.001 -21"><span class='ocrx_word' id='word_1_89' title='bbox 379 1625 483 1693; x_wconf 84' lang='lat' dir='ltr'>culum,</span> <span class='ocrx_word' id='word_1_90' title='bbox 493 1625 526 1678; x_wconf 91' lang='lat' dir='ltr'>de</span> <span class='ocrx_word' id='word_1_91' title='bbox 535 1645 589 1698; x_wconf 89' lang='lat' dir='ltr'>qno</span> <span class='ocrx_word' id='word_1_92' title='bbox 597 1625 657 1678; x_wconf 84' lang='lat' dir='ltr'>vide</span> <span class='ocrx_word' id='word_1_93' title='bbox 664 1625 749 1678; x_wconf 86' lang='lat' dir='ltr'>Theb.</span> <span class='ocrx_word' id='word_1_94' title='bbox 758 1627 805 1690; x_wconf 86' lang='lat' dir='ltr'>lll,</span> <span class='ocrx_word' id='word_1_95' title='bbox 814 1626 885 1696; x_wconf 63' lang='lat'>476:</span> <span class='ocrx_word' id='word_1_96' title='bbox 925 1645 1026 1680; x_wconf 87' lang='lat' dir='ltr'>cornua</span> <span class='ocrx_word' id='word_1_97' title='bbox 1039 1643 1172 1700; x_wconf 68' lang='lat' dir='ltr'>gestarent</span> <span class='ocrx_word' id='word_1_98' title='bbox 1186 1629 1214 1681; x_wconf 89' lang='lat' dir='ltr'>in</span> <span class='ocrx_word' id='word_1_99' title='bbox 1227 1629 1312 1699; x_wconf 70' lang='lat' dir='ltr'>galea.</span> <span class='ocrx_word' id='word_1_100' title='bbox 1323 1659 1358 1670; x_wconf 90' lang='lat'>-</span> <span class='ocrx_word' id='word_1_101' title='bbox 1367 1631 1427 1680; x_wconf 86' lang='grc' dir='ltr'>Μο-</span> 
     </span>
     <span class='ocr_line' id='line_1_13' title="bbox 379 1706 1427 1780; baseline 0.001 -20"><span class='ocrx_word' id='word_1_102' title='bbox 379 1723 442 1761; x_wconf 85' lang='lat' dir='ltr'>tum.</span> <span class='ocrx_word' id='word_1_103' title='bbox 452 1706 564 1778; x_wconf 80' lang='lat' dir='ltr'>preced.</span> <span class='ocrx_word' id='word_1_104' title='bbox 578 1725 639 1779; x_wconf 79' lang='lat' dir='ltr'>pag.</span> <span class='ocrx_word' id='word_1_105' title='bbox 652 1706 712 1759; x_wconf 79' lang='lat'>323.</span> <span class='ocrx_word' id='word_1_106' title='bbox 724 1709 813 1759; x_wconf 77' lang='lat' dir='ltr'>En-</span> <span class='ocrx_word' id='word_1_107' title='bbox 824 1710 880 1761; x_wconf 88' lang='lat' dir='ltr'>Cor·</span> <span class='ocrx_word' id='word_1_108' title='bbox 925 1706 984 1762; x_wconf 72' lang='lat' dir='ltr'>loesi</span> <span class='ocrx_word' id='word_1_109' title='bbox 1002 1710 1115 1780; x_wconf 82' lang='lat' dir='ltr'>Quercus</span> <span class='ocrx_word' id='word_1_110' title='bbox 1133 1707 1229 1762; x_wconf 82' lang='lat' dir='ltr'>anhela</span> <span class='ocrx_word' id='word_1_111' title='bbox 1243 1709 1324 1762; x_wconf 77' lang='lat' dir='ltr'>Jovis.</span> <span class='ocrx_word' id='word_1_112' title='bbox 1339 1711 1427 1762; x_wconf 87' lang='lat' dir='ltr'>lnnnit</span> 
     </span>
     <span class='ocr_line' id='line_1_14' title="bbox 378 1788 1427 1864; baseline 0.001 -22"><span class='ocrx_word' id='word_1_113' title='bbox 378 1789 471 1864; x_wconf 68' lang='lat' dir='ltr'>piperi.</span> <span class='ocrx_word' id='word_1_114' title='bbox 489 1789 559 1856; x_wconf 82' lang='lat' dir='ltr'>Quia</span> <span class='ocrx_word' id='word_1_115' title='bbox 576 1790 648 1840; x_wconf 83' lang='lat' dir='ltr'>lovis</span> <span class='ocrx_word' id='word_1_116' title='bbox 667 1789 822 1862; x_wconf 80' lang='lat' dir='ltr'>Hammonis</span> <span class='ocrx_word' id='word_1_117' title='bbox 843 1791 878 1841; x_wconf 88' lang='lat' dir='ltr'>si·</span> <span class='ocrx_word' id='word_1_118' title='bbox 925 1788 1062 1842; x_wconf 82' lang='lat' dir='ltr'>oraculum</span> <span class='ocrx_word' id='word_1_119' title='bbox 1072 1792 1145 1842; x_wconf 84' lang='lat' dir='ltr'>lovis</span> <span class='ocrx_word' id='word_1_120' title='bbox 1155 1790 1284 1842; x_wconf 66' lang='lat' dir='ltr'>Dodonaei</span> <span class='ocrx_word' id='word_1_121' title='bbox 1293 1793 1320 1842; x_wconf 88' lang='lat' dir='ltr'>in</span> <span class='ocrx_word' id='word_1_122' title='bbox 1330 1790 1427 1843; x_wconf 84' lang='lat' dir='ltr'>Molos·</span> 
     </span>
     <span class='ocr_line' id='line_1_15' title="bbox 377 1865 1424 1941; baseline 0.001 -19"><span class='ocrx_word' id='word_1_123' title='bbox 377 1869 524 1922; x_wconf 79' lang='lat' dir='ltr'><strong>mulacrum</strong></span> <span class='ocrx_word' id='word_1_124' title='bbox 548 1869 657 1920; x_wconf 86' lang='lat' dir='ltr'>arietina</span> <span class='ocrx_word' id='word_1_125' title='bbox 679 1884 778 1918; x_wconf 84' lang='lat' dir='ltr'>cornua</span> <span class='ocrx_word' id='word_1_126' title='bbox 797 1865 882 1918; x_wconf 88' lang='lat' dir='ltr'>habe·</span> <span class='ocrx_word' id='word_1_127' title='bbox 925 1868 963 1918; x_wconf 86' lang='lat' dir='ltr'>sia</span> <span class='ocrx_word' id='word_1_128' title='bbox 977 1868 1049 1939; x_wconf 82' lang='lat' dir='ltr'>Epiri</span> <span class='ocrx_word' id='word_1_129' title='bbox 1061 1871 1205 1941; x_wconf 80' lang='lat' dir='ltr'>provincia.</span> <span class='ocrx_word' id='word_1_130' title='bbox 1217 1868 1285 1922; x_wconf 82' lang='lat' dir='ltr'>Vide</span> <span class='ocrx_word' id='word_1_131' title='bbox 1296 1869 1424 1923; x_wconf 82' lang='lat' dir='ltr'>Thebaid.</span> 
     </span>
     <span class='ocr_line' id='line_1_16' title="bbox 376 1941 1427 2018; baseline 0.001 -18"><span class='ocrx_word' id='word_1_132' title='bbox 376 1947 437 2000; x_wconf 70' lang='lat' dir='ltr'>bats</span> <span class='ocrx_word' id='word_1_133' title='bbox 451 1944 521 2002; x_wconf 89' lang='lat' dir='ltr'>unde</span> <span class='ocrx_word' id='word_1_134' title='bbox 532 1945 633 2000; x_wconf 76' lang='lat' dir='ltr'>Phaesto</span> <span class='ocrx_word' id='word_1_135' title='bbox 643 1941 801 2014; x_wconf 66' lang='lat' dir='ltr'>erperaeipsr,</span> <span class='ocrx_word' id='word_1_136' title='bbox 812 1946 880 1998; x_wconf 89' lang='lat' dir='ltr'>sicut</span> <span class='ocrx_word' id='word_1_137' title='bbox 922 1947 973 2010; x_wconf 86' lang='lat'>111,</span> <span class='ocrx_word' id='word_1_138' title='bbox 987 1946 1049 2017; x_wconf 73' lang='grc'><strong><em>475,</em></strong></span> <span class='ocrx_word' id='word_1_139' title='bbox 1064 1948 1263 2018; x_wconf 67' lang='lat' dir='ltr'>Elegantissime</span> <span class='ocrx_word' id='word_1_140' title='bbox 1275 1962 1363 2001; x_wconf 89' lang='lat' dir='ltr'>autern</span> <span class='ocrx_word' id='word_1_141' title='bbox 1377 1969 1427 2001; x_wconf 84' lang='lat' dir='ltr'>an-</span> 
     </span>
     <span class='ocr_line' id='line_1_17' title="bbox 311 2021 1426 2098; baseline 0.003 -20"><span class='ocrx_word' id='word_1_142' title='bbox 311 2037 316 2048; x_wconf 86' lang='lat'>·</span> <span class='ocrx_word' id='word_1_143' title='bbox 375 2021 674 2094; x_wconf 71' lang='lat' dir='ltr'>Lucienoepuonpieesrsc.</span> <span class='ocrx_word' id='word_1_144' title='bbox 682 2027 736 2076; x_wconf 88' lang='lat' dir='ltr'>Hoc</span> <span class='ocrx_word' id='word_1_145' title='bbox 743 2024 879 2076; x_wconf 88' lang='lat' dir='ltr'>oraculum</span> <span class='ocrx_word' id='word_1_146' title='bbox 925 2022 1012 2076; x_wconf 85' lang='lat' dir='ltr'>helam</span> <span class='ocrx_word' id='word_1_147' title='bbox 1028 2025 1094 2080; x_wconf 82' lang='lat' dir='ltr'>dixit</span> <span class='ocrx_word' id='word_1_148' title='bbox 1109 2045 1156 2098; x_wconf 89' lang='lat' dir='ltr'>per</span> <span class='ocrx_word' id='word_1_149' title='bbox 1172 2027 1367 2080; x_wconf 84' lang='lat' dir='ltr'>similitudinem</span> <span class='ocrx_word' id='word_1_150' title='bbox 1380 2047 1426 2081; x_wconf 86' lang='lat' dir='ltr'>va-</span> 
     </span>
     <span class='ocr_line' id='line_1_18' title="bbox 376 2104 1426 2177; baseline 0.001 -18"><span class='ocrx_word' id='word_1_151' title='bbox 376 2106 497 2160; x_wconf 85' lang='lat' dir='ltr'>Bacchus</span> <span class='ocrx_word' id='word_1_152' title='bbox 507 2106 673 2158; x_wconf 83' lang='lat' dir='ltr'>constituisse</span> <span class='ocrx_word' id='word_1_153' title='bbox 684 2104 789 2171; x_wconf 86' lang='lat' dir='ltr'>dicitur,</span> <span class='ocrx_word' id='word_1_154' title='bbox 797 2117 826 2154; x_wconf 92' lang='lat' dir='ltr'>ut</span> <span class='ocrx_word' id='word_1_155' title='bbox 834 2104 880 2156; x_wconf 84' lang='lat' dir='ltr'>ha·</span> <span class='ocrx_word' id='word_1_156' title='bbox 924 2115 995 2168; x_wconf 87' lang='lat' dir='ltr'>turn,</span> <span class='ocrx_word' id='word_1_157' title='bbox 1011 2107 1057 2176; x_wconf 89' lang='lat' dir='ltr'>qui</span> <span class='ocrx_word' id='word_1_158' title='bbox 1072 2105 1128 2157; x_wconf 87' lang='lat' dir='ltr'>Deo</span> <span class='ocrx_word' id='word_1_159' title='bbox 1142 2105 1215 2177; x_wconf 90' lang='lat' dir='ltr'>pleni</span> <span class='ocrx_word' id='word_1_160' title='bbox 1230 2119 1256 2158; x_wconf 88' lang='lat' dir='ltr'>et</span> <span class='ocrx_word' id='word_1_161' title='bbox 1272 2104 1426 2160; x_wconf 74' lang='lat' dir='ltr'>anhelantes</span> 
     </span>
     <span class='ocr_line' id='line_1_19' title="bbox 374 2183 1425 2258; baseline 0 -19"><span class='ocrx_word' id='word_1_162' title='bbox 374 2185 453 2239; x_wconf 86' lang='lat' dir='ltr'>betur</span> <span class='ocrx_word' id='word_1_163' title='bbox 464 2185 536 2258; x_wconf 88' lang='lat' dir='ltr'>apud</span> <span class='ocrx_word' id='word_1_164' title='bbox 547 2185 691 2256; x_wconf 71' lang='lat' dir='ltr'>Hyginum,</span> <span class='ocrx_word' id='word_1_165' title='bbox 699 2183 832 2235; x_wconf 83' lang='lat' dir='ltr'>volumine</span> <span class='ocrx_word' id='word_1_166' title='bbox 842 2201 879 2234; x_wconf 89' lang='lat' dir='ltr'>se·</span> <span class='ocrx_word' id='word_1_167' title='bbox 924 2201 1052 2254; x_wconf 81' lang='lat' dir='ltr'>respouse</span> <span class='ocrx_word' id='word_1_168' title='bbox 1063 2183 1170 2236; x_wconf 84' lang='lat' dir='ltr'>dabant.</span> <span class='ocrx_word' id='word_1_169' title='bbox 1183 2187 1255 2254; x_wconf 76' lang='lat' dir='ltr'>Virg.</span> <span class='ocrx_word' id='word_1_170' title='bbox 1266 2185 1367 2236; x_wconf 84' lang='lat' dir='ltr'>AEnei&#39;d.</span> <span class='ocrx_word' id='word_1_171' title='bbox 1375 2189 1425 2252; x_wconf 87' lang='lat' dir='ltr'>vt,</span> 
     </span>
     <span class='ocr_line' id='line_1_20' title="bbox 376 2262 1425 2337; baseline -0.002 -17"><span class='ocrx_word' id='word_1_172' title='bbox 376 2267 464 2320; x_wconf 89' lang='lat' dir='ltr'>eundo</span> <span class='ocrx_word' id='word_1_173' title='bbox 477 2269 503 2318; x_wconf 92' lang='lat' dir='ltr'>in</span> <span class='ocrx_word' id='word_1_174' title='bbox 517 2266 622 2330; x_wconf 75' lang='lat' dir='ltr'>Ariete,</span> <span class='ocrx_word' id='word_1_175' title='bbox 637 2281 720 2336; x_wconf 85' lang='lat' dir='ltr'><strong>quum</strong></span> <span class='ocrx_word' id='word_1_176' title='bbox 732 2264 775 2315; x_wconf 85' lang='lat' dir='ltr'>siti</span> <span class='ocrx_word' id='word_1_177' title='bbox 786 2264 879 2316; x_wconf 80' lang='lat' dir='ltr'>conle-</span> <span class='ocrx_word' id='word_1_178' title='bbox 923 2262 956 2330; x_wconf 74' lang='grc'>48</span> <span class='ocrx_word' id='word_1_179' title='bbox 970 2277 1062 2337; x_wconf 77' lang='lat' dir='ltr'>etseq.</span> <span class='ocrx_word' id='word_1_180' title='bbox 1078 2285 1088 2310; x_wconf 74' lang='grc' dir='ltr'>ι</span> <span class='ocrx_word' id='word_1_181' title='bbox 1099 2264 1145 2317; x_wconf 85' lang='lat' dir='ltr'>sed</span> <span class='ocrx_word' id='word_1_182' title='bbox 1156 2277 1248 2337; x_wconf 86' lang='lat' dir='ltr'>pectus</span> <span class='ocrx_word' id='word_1_183' title='bbox 1259 2263 1384 2318; x_wconf 85' lang='lat' dir='ltr'>anhelum</span> <span class='ocrx_word' id='word_1_184' title='bbox 1393 2267 1425 2318; x_wconf 83' lang='lat' dir='ltr'>Et</span> 
     </span>
     <span class='ocr_line' id='line_1_21' title="bbox 374 2341 1302 2420; baseline -0.002 -20"><span class='ocrx_word' id='word_1_185' title='bbox 374 2364 433 2400; x_wconf 88' lang='lat' dir='ltr'>etus</span> <span class='ocrx_word' id='word_1_186' title='bbox 446 2345 611 2420; x_wconf 75' lang='lat' dir='ltr'>peragrando</span> <span class='ocrx_word' id='word_1_187' title='bbox 623 2343 744 2416; x_wconf 75' lang='lat' dir='ltr'>Libyam,</span> <span class='ocrx_word' id='word_1_188' title='bbox 756 2362 879 2416; x_wconf 69' lang='lat' dir='ltr'>magnam</span> <span class='ocrx_word' id='word_1_189' title='bbox 922 2341 994 2396; x_wconf 83' lang='lat' dir='ltr'>rabie</span> <span class='ocrx_word' id='word_1_190' title='bbox 1005 2345 1062 2398; x_wconf 77' lang='lat' dir='ltr'>fera</span> <span class='ocrx_word' id='word_1_191' title='bbox 1073 2344 1155 2398; x_wconf 83' lang='lat' dir='ltr'>corda</span> <span class='ocrx_word' id='word_1_192' title='bbox 1168 2359 1279 2399; x_wconf 87' lang='lat' dir='ltr'>tument.</span> <span class='ocrx_word' id='word_1_193' title='bbox 1291 2369 1302 2392; x_wconf 77' lang='grc' dir='ltr'>ι</span> 
     </span>
     <span class='ocr_line' id='line_1_22' title="bbox 375 2423 1424 2498; baseline -0.002 -18"><span class='ocrx_word' id='word_1_194' title='bbox 375 2423 877 2498; x_wconf 80' lang='lat' dir='ltr'>aquecopiamnectusfuisset,duce</span> <span class='ocrx_word' id='word_1_195' title='bbox 960 2439 1018 2476; x_wconf 66' lang='grc' dir='ltr'>πω.</span> <span class='ocrx_word' id='word_1_196' title='bbox 1046 2424 1208 2498; x_wconf 76' lang='lat' dir='ltr'>Trojanaque</span> <span class='ocrx_word' id='word_1_197' title='bbox 1231 2425 1365 2495; x_wconf 77' lang='lat' dir='ltr'>Thymbra</span> <span class='ocrx_word' id='word_1_198' title='bbox 1385 2437 1424 2478; x_wconf 83' lang='lat' dir='ltr'>to-</span> 
     </span>
     <span class='ocr_line' id='line_1_23' title="bbox 374 2502 1423 2579; baseline 0.001 -20"><span class='ocrx_word' id='word_1_199' title='bbox 374 2510 469 2572; x_wconf 86' lang='lat' dir='ltr'>ariete,</span> <span class='ocrx_word' id='word_1_200' title='bbox 482 2525 561 2579; x_wconf 87' lang='lat' dir='ltr'>quern</span> <span class='ocrx_word' id='word_1_201' title='bbox 573 2503 680 2556; x_wconf 84' lang='lat' dir='ltr'>obvium</span> <span class='ocrx_word' id='word_1_202' title='bbox 690 2502 827 2557; x_wconf 84' lang='lat' dir='ltr'>habuerat.</span> <span class='ocrx_word' id='word_1_203' title='bbox 843 2507 876 2562; x_wconf 80' lang='lat' dir='ltr'>Et</span> <span class='ocrx_word' id='word_1_204' title='bbox 920 2504 991 2557; x_wconf 78' lang='lat' dir='ltr'>cedit.</span> <span class='ocrx_word' id='word_1_205' title='bbox 1019 2507 1108 2558; x_wconf 82' lang='lat' dir='ltr'>innuit</span> <span class='ocrx_word' id='word_1_206' title='bbox 1131 2504 1268 2560; x_wconf 84' lang='lat' dir='ltr'>oraculum</span> <span class='ocrx_word' id='word_1_207' title='bbox 1294 2507 1423 2577; x_wconf 77' lang='lat' dir='ltr'>Apollinis</span> 
     </span>
     <span class='ocr_line' id='line_1_24' title="bbox 374 2581 1424 2659; baseline -0.002 -19"><span class='ocrx_word' id='word_1_208' title='bbox 374 2606 456 2659; x_wconf 85' lang='lat' dir='ltr'><strong>quum</strong></span> <span class='ocrx_word' id='word_1_209' title='bbox 468 2583 511 2639; x_wconf 89' lang='lat' dir='ltr'>ille</span> <span class='ocrx_word' id='word_1_210' title='bbox 526 2586 594 2638; x_wconf 71' lang='lat' dir='ltr'>emes</span> <span class='ocrx_word' id='word_1_211' title='bbox 609 2581 697 2636; x_wconf 87' lang='lat' dir='ltr'>subito</span> <span class='ocrx_word' id='word_1_212' title='bbox 710 2586 875 2652; x_wconf 81' lang='lat' dir='ltr'>evanuisset,</span> <span class='ocrx_word' id='word_1_213' title='bbox 919 2583 1424 2657; x_wconf 78' lang='lat' dir='ltr'>Thymbraeiprope&#39;l&#39;rojam.VideThe·</span> 
     </span>
     <span class='ocr_line' id='line_1_25' title="bbox 374 2658 1422 2736; baseline 0.004 -22"><span class='ocrx_word' id='word_1_214' title='bbox 374 2663 502 2736; x_wconf 89' lang='lat' dir='ltr'>ternplum</span> <span class='ocrx_word' id='word_1_215' title='bbox 516 2661 611 2714; x_wconf 88' lang='lat' dir='ltr'>eodem</span> <span class='ocrx_word' id='word_1_216' title='bbox 623 2661 698 2726; x_wconf 84' lang='lat' dir='ltr'>loco,</span> <span class='ocrx_word' id='word_1_217' title='bbox 713 2662 785 2714; x_wconf 83' lang='lat' dir='ltr'>lovis</span> <span class='ocrx_word' id='word_1_218' title='bbox 796 2664 875 2716; x_wconf 86' lang='lat' dir='ltr'>Ham·</span> <span class='ocrx_word' id='word_1_219' title='bbox 919 2658 991 2714; x_wconf 83' lang='lat' dir='ltr'>haid.</span> <span class='ocrx_word' id='word_1_220' title='bbox 1000 2663 1026 2730; x_wconf 93' lang='lat' dir='ltr'>l,</span> <span class='ocrx_word' id='word_1_221' title='bbox 1037 2663 1098 2733; x_wconf 84' lang='lat'>698.</span> <span class='ocrx_word' id='word_1_222' title='bbox 1110 2664 1238 2716; x_wconf 75' lang='lat' dir='ltr'>Ceterum</span> <span class='ocrx_word' id='word_1_223' title='bbox 1245 2665 1362 2736; x_wconf 79' lang='lat' dir='ltr'>Guyetus</span> <span class='ocrx_word' id='word_1_224' title='bbox 1372 2662 1422 2718; x_wconf 85' lang='lat' dir='ltr'>hos</span> 
     </span>
     <span class='ocr_line' id='line_1_26' title="bbox 372 2738 1420 2815; baseline 0.003 -23"><span class='ocrx_word' id='word_1_225' title='bbox 372 2744 528 2794; x_wconf 85' lang='lat' dir='ltr'>moniscum</span> <span class='ocrx_word' id='word_1_226' title='bbox 536 2741 652 2794; x_wconf 86' lang='lat' dir='ltr'>arietinis</span> <span class='ocrx_word' id='word_1_227' title='bbox 662 2738 788 2792; x_wconf 84' lang='lat' dir='ltr'>cornibus</span> <span class='ocrx_word' id='word_1_228' title='bbox 799 2743 877 2794; x_wconf 82' lang='lat' dir='ltr'>simu·</span> <span class='ocrx_word' id='word_1_229' title='bbox 920 2759 965 2794; x_wconf 85' lang='lat' dir='ltr'>sex</span> <span class='ocrx_word' id='word_1_230' title='bbox 979 2759 1069 2796; x_wconf 80' lang='lat' dir='ltr'>versus</span> <span class='ocrx_word' id='word_1_231' title='bbox 1088 2743 1265 2815; x_wconf 70' lang='lat' dir='ltr'>precedentes</span> <span class='ocrx_word' id='word_1_232' title='bbox 1282 2755 1420 2815; x_wconf 86' lang='lat' dir='ltr'>suspectos</span> 
     </span>
     <span class='ocr_line' id='line_1_27' title="bbox 370 2818 1422 2895; baseline 0.001 -22"><span class='ocrx_word' id='word_1_233' title='bbox 370 2820 445 2876; x_wconf 87' lang='lat' dir='ltr'>lacro</span> <span class='ocrx_word' id='word_1_234' title='bbox 462 2823 550 2888; x_wconf 79' lang='lat' dir='ltr'>freto,</span> <span class='ocrx_word' id='word_1_235' title='bbox 567 2819 703 2884; x_wconf 88' lang='lat' dir='ltr'>condidit,</span> <span class='ocrx_word' id='word_1_236' title='bbox 725 2833 751 2872; x_wconf 89' lang='lat' dir='ltr'>et</span> <span class='ocrx_word' id='word_1_237' title='bbox 766 2820 875 2874; x_wconf 81' lang='lat' dir='ltr'>arietem</span> <span class='ocrx_word' id='word_1_238' title='bbox 920 2818 1008 2873; x_wconf 82' lang='lat' dir='ltr'>babet.</span> <span class='ocrx_word' id='word_1_239' title='bbox 1026 2821 1114 2890; x_wconf 85' lang='lat' dir='ltr'>Quare</span> <span class='ocrx_word' id='word_1_240' title='bbox 1130 2819 1157 2874; x_wconf 77' lang='lat' dir='ltr'>ri</span> <span class='ocrx_word' id='word_1_241' title='bbox 1175 2821 1286 2894; x_wconf 76' lang='lat' dir='ltr'>Delphis</span> <span class='ocrx_word' id='word_1_242' title='bbox 1299 2841 1361 2874; x_wconf 86' lang='lat' dir='ltr'>cum</span> <span class='ocrx_word' id='word_1_243' title='bbox 1373 2823 1422 2895; x_wconf 80' lang='lat' dir='ltr'>ipsi</span> 
     </span>
     <span class='ocr_line' id='line_1_28' title="bbox 371 2899 1378 2971; baseline 0.001 -18"><span class='ocrx_word' id='word_1_244' title='bbox 371 2903 440 2956; x_wconf 87' lang='lat' dir='ltr'>inter</span> <span class='ocrx_word' id='word_1_245' title='bbox 449 2900 535 2956; x_wconf 85' lang='lat' dir='ltr'>sidera</span> <span class='ocrx_word' id='word_1_246' title='bbox 545 2899 674 2971; x_wconf 76' lang='lat' dir='ltr'>figuravit.</span> <span class='ocrx_word' id='word_1_247' title='bbox 685 2899 784 2952; x_wconf 80' lang='lat' dir='ltr'>Eadem</span> <span class='ocrx_word' id='word_1_248' title='bbox 794 2902 875 2953; x_wconf 84' lang='lat' dir='ltr'>refert</span> <span class='ocrx_word' id='word_1_249' title='bbox 918 2920 1007 2954; x_wconf 82' lang='lat' dir='ltr'>amnes</span> <span class='ocrx_word' id='word_1_250' title='bbox 1021 2904 1045 2954; x_wconf 88' lang='lat' dir='ltr'>ei</span> <span class='ocrx_word' id='word_1_251' title='bbox 1058 2900 1252 2956; x_wconf 85' lang='lat' dir='ltr'>annectendum</span> <span class='ocrx_word' id='word_1_252' title='bbox 1266 2901 1378 2956; x_wconf 84' lang='lat' dir='ltr'>videtur.</span> 
     </span>
     <span class='ocr_line' id='line_1_29' title="bbox 370 2981 1423 3054; baseline -0.005 -16"><span class='ocrx_word' id='word_1_253' title='bbox 370 2985 541 3040; x_wconf 83' lang='lat' dir='ltr'>Germanicus</span> <span class='ocrx_word' id='word_1_254' title='bbox 562 3003 593 3036; x_wconf 82' lang='lat' dir='ltr'>ex</span> <span class='ocrx_word' id='word_1_255' title='bbox 615 2981 721 3054; x_wconf 75' lang='lat' dir='ltr'>Nigidio</span> <span class='ocrx_word' id='word_1_256' title='bbox 744 2981 778 3034; x_wconf 89' lang='lat' dir='ltr'>ad</span> <span class='ocrx_word' id='word_1_257' title='bbox 799 2985 874 3036; x_wconf 80' lang='lat' dir='ltr'>Arati</span> <span class='ocrx_word' id='word_1_258' title='bbox 955 2981 1014 3034; x_wconf 82' lang='lat'>203.</span> <span class='ocrx_word' id='word_1_259' title='bbox 1033 2983 1089 3053; x_wconf 81' lang='lat' dir='ltr'>Ipsi</span> <span class='ocrx_word' id='word_1_260' title='bbox 1097 3001 1199 3046; x_wconf 80' lang='lat' dir='ltr'>omnes,</span> <span class='ocrx_word' id='word_1_261' title='bbox 1213 2982 1324 3053; x_wconf 71' lang='lat' dir='ltr'>ipseque</span> <span class='ocrx_word' id='word_1_262' title='bbox 1333 2981 1423 3034; x_wconf 84' lang='lat' dir='ltr'>volent</span> 
     </span>
     <span class='ocr_line' id='line_1_30' title="bbox 370 3059 1420 3133; baseline -0.006 -14"><span class='ocrx_word' id='word_1_263' title='bbox 370 3067 486 3118; x_wconf 83' lang='lat' dir='ltr'>arietem.</span> <span class='ocrx_word' id='word_1_264' title='bbox 515 3063 651 3116; x_wconf 85' lang='lat' dir='ltr'>Diodorus</span> <span class='ocrx_word' id='word_1_265' title='bbox 679 3080 740 3114; x_wconf 86' lang='lat' dir='ltr'>vero</span> <span class='ocrx_word' id='word_1_266' title='bbox 768 3061 872 3116; x_wconf 86' lang='lat' dir='ltr'>Siculus</span> <span class='ocrx_word' id='word_1_267' title='bbox 917 3077 1029 3113; x_wconf 79' lang='lat' dir='ltr'>arescere</span> <span class='ocrx_word' id='word_1_268' title='bbox 1039 3059 1134 3114; x_wconf 81' lang='lat' dir='ltr'>laurus.</span> <span class='ocrx_word' id='word_1_269' title='bbox 1148 3061 1178 3112; x_wconf 94' lang='lat' dir='ltr'>ld</span> <span class='ocrx_word' id='word_1_270' title='bbox 1188 3059 1328 3129; x_wconf 86' lang='lat' dir='ltr'>est,fluvii</span> <span class='ocrx_word' id='word_1_271' title='bbox 1338 3061 1420 3133; x_wconf 80' lang='lat' dir='ltr'>Apol·</span> 
     </span>
     <span class='ocr_line' id='line_1_31' title="bbox 369 3137 1419 3216; baseline 0 -22"><span class='ocrx_word' id='word_1_272' title='bbox 369 3141 497 3216; x_wconf 87' lang='lat' dir='ltr'>templum</span> <span class='ocrx_word' id='word_1_273' title='bbox 514 3144 570 3212; x_wconf 88' lang='lat' dir='ltr'>ejus</span> <span class='ocrx_word' id='word_1_274' title='bbox 586 3138 620 3192; x_wconf 89' lang='lat' dir='ltr'>ab</span> <span class='ocrx_word' id='word_1_275' title='bbox 637 3140 759 3212; x_wconf 69' lang='lat' dir='ltr'>AEgyptin</span> <span class='ocrx_word' id='word_1_276' title='bbox 777 3141 871 3193; x_wconf 80' lang='lat' dir='ltr'>Danao</span> <span class='ocrx_word' id='word_1_277' title='bbox 916 3137 963 3192; x_wconf 89' lang='lat' dir='ltr'>lini</span> <span class='ocrx_word' id='word_1_278' title='bbox 975 3143 1058 3209; x_wconf 71' lang='lat' dir='ltr'>seem,</span> <span class='ocrx_word' id='word_1_279' title='bbox 1071 3159 1184 3213; x_wconf 85' lang='lat' dir='ltr'>quorum</span> <span class='ocrx_word' id='word_1_280' title='bbox 1197 3139 1307 3194; x_wconf 87' lang='lat' dir='ltr'>haustus</span> <span class='ocrx_word' id='word_1_281' title='bbox 1317 3143 1419 3194; x_wconf 79' lang='lat' dir='ltr'>fuciunt</span> 
     </span>
     <span class='ocr_line' id='line_1_32' title="bbox 368 3219 1417 3291; baseline -0.003 -15"><span class='ocrx_word' id='word_1_282' title='bbox 368 3219 871 3276; x_wconf 83' lang='lat' dir='ltr'>eonditumscribit.ldemHemmoneni</span> <span class='ocrx_word' id='word_1_283' title='bbox 916 3233 1010 3291; x_wconf 85' lang='lat' dir='ltr'>poetas</span> <span class='ocrx_word' id='word_1_284' title='bbox 1029 3233 1055 3272; x_wconf 87' lang='lat' dir='ltr'>et</span> <span class='ocrx_word' id='word_1_285' title='bbox 1073 3233 1155 3272; x_wconf 77' lang='lat' dir='ltr'>vates.</span> <span class='ocrx_word' id='word_1_286' title='bbox 1169 3249 1206 3260; x_wconf 93' lang='lat'>--</span> <span class='ocrx_word' id='word_1_287' title='bbox 1221 3219 1330 3272; x_wconf 79' lang='lat' dir='ltr'>Laurus.</span> <span class='ocrx_word' id='word_1_288' title='bbox 1349 3220 1417 3289; x_wconf 87' lang='lat' dir='ltr'>Quia</span> 
     </span>
     <span class='ocr_line' id='line_1_33' title="bbox 366 3299 1212 3376; baseline -0.008 -20"><span class='ocrx_word' id='word_1_289' title='bbox 366 3303 634 3376; x_wconf 71' lang='lat' dir='ltr'>Libyaeregemiuisse</span> <span class='ocrx_word' id='word_1_290' title='bbox 643 3299 870 3371; x_wconf 85' lang='lat' dir='ltr'>tradit,usumqne</span> <span class='ocrx_word' id='word_1_291' title='bbox 915 3299 1035 3371; x_wconf 78' lang='lat' dir='ltr'>Apollini</span> <span class='ocrx_word' id='word_1_292' title='bbox 1049 3318 1128 3353; x_wconf 81' lang='lat' dir='ltr'>sacre</span> <span class='ocrx_word' id='word_1_293' title='bbox 1142 3312 1212 3351; x_wconf 87' lang='lat' dir='ltr'>sunt.</span> 
     </span>
    </p>

    <p class='ocr_par' dir='ltr' id='par_1_6' title="bbox 365 3376 1416 3685">
     <span class='ocr_line' id='line_1_34' title="bbox 366 3376 1415 3452; baseline 0 -20"><span class='ocrx_word' id='word_1_294' title='bbox 366 3379 479 3436; x_wconf 82' lang='lat' dir='ltr'>inbelle</span> <span class='ocrx_word' id='word_1_295' title='bbox 498 3379 589 3452; x_wconf 73' lang='lat' dir='ltr'>galea,</span> <span class='ocrx_word' id='word_1_296' title='bbox 609 3379 685 3447; x_wconf 87' lang='lat' dir='ltr'>cujus</span> <span class='ocrx_word' id='word_1_297' title='bbox 699 3379 802 3447; x_wconf 75' lang='lat' dir='ltr'>insigne</span> <span class='ocrx_word' id='word_1_298' title='bbox 818 3379 871 3432; x_wconf 83' lang='lat' dir='ltr'>fuit</span> <span class='ocrx_word' id='word_1_299' title='bbox 952 3376 1415 3452; x_wconf 69' lang='lat' dir='ltr'>aoi.1psenihilcermmso9iselen9.</span> 
     </span>
     <span class='ocr_line' id='line_1_35' title="bbox 365 3453 1414 3531; baseline -0.001 -19"><span class='ocrx_word' id='word_1_300' title='bbox 365 3460 554 3531; x_wconf 86' lang='lat' dir='ltr'>caputarietis,</span> <span class='ocrx_word' id='word_1_301' title='bbox 564 3469 590 3510; x_wconf 86' lang='lat' dir='ltr'>et</span> <span class='ocrx_word' id='word_1_302' title='bbox 599 3453 727 3528; x_wconf 84' lang='lat' dir='ltr'>quosdam</span> <span class='ocrx_word' id='word_1_303' title='bbox 737 3454 868 3510; x_wconf 88' lang='lat' dir='ltr'>affirmare</span> <span class='ocrx_word' id='word_1_304' title='bbox 913 3457 1000 3509; x_wconf 73' lang='lat' dir='ltr'>iether.</span> <span class='ocrx_word' id='word_1_305' title='bbox 1016 3459 1080 3528; x_wconf 72' lang='lat' dir='ltr'>fleg.</span> <span class='ocrx_word' id='word_1_306' title='bbox 1100 3459 1134 3524; x_wconf 89' lang='lat' dir='ltr'>B,</span> <span class='ocrx_word' id='word_1_307' title='bbox 1148 3458 1223 3510; x_wconf 78' lang='lat' dir='ltr'>sacris</span> <span class='ocrx_word' id='word_1_308' title='bbox 1237 3455 1332 3518; x_wconf 61' lang='lat' dir='ltr'>baben</span> <span class='ocrx_word' id='word_1_309' title='bbox 1351 3459 1414 3529; x_wconf 76' lang='lat' dir='ltr'>lleg.</span> 
     </span>
     <span class='ocr_line' id='line_1_36' title="bbox 365 3537 1416 3611; baseline 0 -21"><span class='ocrx_word' id='word_1_310' title='bbox 365 3539 496 3590; x_wconf 80' lang='lat' dir='ltr'>naturaie</span> <span class='ocrx_word' id='word_1_311' title='bbox 506 3549 620 3607; x_wconf 86' lang='lat' dir='ltr'>utroque</span> <span class='ocrx_word' id='word_1_312' title='bbox 631 3548 750 3606; x_wconf 81' lang='lat' dir='ltr'>tempore</span> <span class='ocrx_word' id='word_1_313' title='bbox 759 3537 868 3607; x_wconf 81' lang='lat' dir='ltr'>parvula</span> <span class='ocrx_word' id='word_1_314' title='bbox 913 3537 934 3590; x_wconf 91' lang='lat' dir='ltr'>C</span> <span class='ocrx_word' id='word_1_315' title='bbox 949 3551 1068 3592; x_wconf 85' lang='lat' dir='ltr'>nostram</span> <span class='ocrx_word' id='word_1_316' title='bbox 1084 3537 1232 3591; x_wconf 87' lang='lat' dir='ltr'>lectionem.</span> <span class='ocrx_word' id='word_1_317' title='bbox 1250 3538 1295 3588; x_wconf 83' lang='lat' dir='ltr'>En.</span> <span class='ocrx_word' id='word_1_318' title='bbox 1311 3539 1416 3611; x_wconf 82' lang='lat' dir='ltr'>-Ipse</span> 
     </span>
     <span class='ocr_line' id='line_1_37' title="bbox 365 3613 1414 3685; baseline 0 -17"><span class='ocrx_word' id='word_1_319' title='bbox 365 3615 489 3668; x_wconf 82' lang='lat' dir='ltr'>habuisse</span> <span class='ocrx_word' id='word_1_320' title='bbox 513 3633 630 3680; x_wconf 86' lang='lat' dir='ltr'>cornua,</span> <span class='ocrx_word' id='word_1_321' title='bbox 653 3613 766 3685; x_wconf 88' lang='lat' dir='ltr'>ideoque</span> <span class='ocrx_word' id='word_1_322' title='bbox 784 3614 867 3668; x_wconf 85' lang='lat' dir='ltr'>lilium</span> <span class='ocrx_word' id='word_1_323' title='bbox 913 3617 982 3670; x_wconf 83' lang='lat' dir='ltr'>nihil</span> <span class='ocrx_word' id='word_1_324' title='bbox 997 3631 1108 3684; x_wconf 83' lang='lat' dir='ltr'>eertum,</span> <span class='ocrx_word' id='word_1_325' title='bbox 1121 3631 1172 3670; x_wconf 85' lang='lat' dir='ltr'>ete.</span> <span class='ocrx_word' id='word_1_326' title='bbox 1191 3621 1298 3670; x_wconf 88' lang='lat' dir='ltr'>Mortuo</span> <span class='ocrx_word' id='word_1_327' title='bbox 1315 3617 1414 3668; x_wconf 86' lang='lat' dir='ltr'>scilicet</span> 
     </span>
    </p>
   </div>
   <div class='ocr_carea' id='block_1_4' title="bbox 274 3693 1413 3770">
    <p class='ocr_par' dir='ltr' id='par_1_7' title="bbox 274 3693 1413 3770">
     <span class='ocr_line' id='line_1_38' title="bbox 274 3693 1413 3770; baseline 0.003 -23"><span class='ocrx_word' id='word_1_328' title='bbox 274 3755 276 3762; x_wconf 21' lang='lat' dir='ltr'>y</span> <span class='ocrx_word' id='word_1_329' title='bbox 363 3697 420 3766; x_wconf 81' lang='lat' dir='ltr'>ejus</span> <span class='ocrx_word' id='word_1_330' title='bbox 432 3695 589 3766; x_wconf 75' lang='lat' dir='ltr'>Dionysium</span> <span class='ocrx_word' id='word_1_331' title='bbox 603 3693 661 3766; x_wconf 88' lang='lat' dir='ltr'>pari</span> <span class='ocrx_word' id='word_1_332' title='bbox 676 3693 757 3746; x_wconf 82' lang='lat' dir='ltr'>fuisse</span> <span class='ocrx_word' id='word_1_333' title='bbox 772 3693 866 3766; x_wconf 90' lang='lat' dir='ltr'>adspe-</span> <span class='ocrx_word' id='word_1_334' title='bbox 910 3695 1072 3769; x_wconf 75' lang='lat' dir='ltr'>Amphiarao</span> <span class='ocrx_word' id='word_1_335' title='bbox 1095 3699 1247 3768; x_wconf 87' lang='lat' dir='ltr'>interprete.</span> <span class='ocrx_word' id='word_1_336' title='bbox 1273 3728 1309 3738; x_wconf 91' lang='lat'><strong>—</strong></span> <span class='ocrx_word' id='word_1_337' title='bbox 1332 3697 1413 3770; x_wconf 76' lang='lat' dir='ltr'>Sapis.</span> 
     </span>
    </p>
   </div>
   <div class='ocr_carea' id='block_1_5' title="bbox 358 3773 1414 4244">
    <p class='ocr_par' dir='ltr' id='par_1_8' title="bbox 358 3773 1414 4244">
     <span class='ocr_line' id='line_1_39' title="bbox 362 3773 1414 3851; baseline 0 -23"><span class='ocrx_word' id='word_1_338' title='bbox 362 3791 422 3828; x_wconf 86' lang='lat' dir='ltr'>ctu:</span> <span class='ocrx_word' id='word_1_339' title='bbox 440 3777 607 3849; x_wconf 86' lang='lat' dir='ltr'>posterisque</span> <span class='ocrx_word' id='word_1_340' title='bbox 625 3773 765 3840; x_wconf 85' lang='lat' dir='ltr'>traditum,</span> <span class='ocrx_word' id='word_1_341' title='bbox 779 3777 866 3830; x_wconf 88' lang='lat' dir='ltr'>Deum</span> <span class='ocrx_word' id='word_1_342' title='bbox 910 3776 1027 3832; x_wconf 83' lang='lat' dir='ltr'>Divinis:</span> <span class='ocrx_word' id='word_1_343' title='bbox 1043 3776 1114 3830; x_wconf 89' lang='lat' dir='ltr'>unde</span> <span class='ocrx_word' id='word_1_344' title='bbox 1128 3777 1255 3851; x_wconf 74' lang='lat' dir='ltr'>presepia</span> <span class='ocrx_word' id='word_1_345' title='bbox 1276 3777 1414 3830; x_wconf 78' lang='lat' dir='ltr'>divinatio-</span> 
     </span>
     <span class='ocr_line' id='line_1_40' title="bbox 361 3854 1411 3929; baseline 0 -22"><span class='ocrx_word' id='word_1_346' title='bbox 361 3855 433 3909; x_wconf 87' lang='lat' dir='ltr'>hunu</span> <span class='ocrx_word' id='word_1_347' title='bbox 447 3873 549 3908; x_wconf 85' lang='lat' dir='ltr'>cornua</span> <span class='ocrx_word' id='word_1_348' title='bbox 563 3867 688 3926; x_wconf 73' lang='lat' dir='ltr'>gestasse.</span> <span class='ocrx_word' id='word_1_349' title='bbox 703 3855 864 3929; x_wconf 82' lang='lat' dir='ltr'>Exstantque</span> <span class='ocrx_word' id='word_1_350' title='bbox 910 3872 973 3922; x_wconf 86' lang='lat' dir='ltr'>nes,</span> <span class='ocrx_word' id='word_1_351' title='bbox 988 3869 1017 3908; x_wconf 87' lang='lat' dir='ltr'>ut</span> <span class='ocrx_word' id='word_1_352' title='bbox 1037 3854 1129 3925; x_wconf 74' lang='lat' dir='ltr'>virgil.</span> <span class='ocrx_word' id='word_1_353' title='bbox 1152 3855 1254 3908; x_wconf 81' lang='lat' dir='ltr'>AEneid.</span> <span class='ocrx_word' id='word_1_354' title='bbox 1277 3857 1320 3923; x_wconf 83' lang='lat' dir='ltr'>X,</span> <span class='ocrx_word' id='word_1_355' title='bbox 1341 3855 1411 3922; x_wconf 71' lang='lat'><strong>483:</strong></span> 
     </span>
     <span class='ocr_line' id='line_1_41' title="bbox 361 3933 1390 4008; baseline 0.002 -22"><span class='ocrx_word' id='word_1_356' title='bbox 361 3933 562 3998; x_wconf 86' lang='lat' dir='ltr'>hodienummi,</span> <span class='ocrx_word' id='word_1_357' title='bbox 572 3935 721 4004; x_wconf 86' lang='lat' dir='ltr'>inquorum</span> <span class='ocrx_word' id='word_1_358' title='bbox 730 3953 782 3986; x_wconf 87' lang='lat' dir='ltr'>una</span> <span class='ocrx_word' id='word_1_359' title='bbox 791 3949 864 4007; x_wconf 87' lang='lat' dir='ltr'>parte</span> <span class='ocrx_word' id='word_1_360' title='bbox 912 3954 1051 4008; x_wconf 70' lang='lat' dir='ltr'>«presaga</span> <span class='ocrx_word' id='word_1_361' title='bbox 1063 3936 1124 3989; x_wconf 85' lang='lat' dir='ltr'>mali</span> <span class='ocrx_word' id='word_1_362' title='bbox 1136 3953 1218 3990; x_wconf 86' lang='lat' dir='ltr'>mens.</span> <span class='ocrx_word' id='word_1_363' title='bbox 1231 3959 1241 3982; x_wconf 74' lang='lat' dir='ltr'>n</span> <span class='ocrx_word' id='word_1_364' title='bbox 1263 3938 1390 3990; x_wconf 62' lang='lat' dir='ltr'>mmsis.</span> 
     </span>
     <span class='ocr_line' id='line_1_42' title="bbox 359 4013 1413 4086; baseline 0.004 -22"><span class='ocrx_word' id='word_1_365' title='bbox 359 4013 443 4066; x_wconf 83' lang='lat' dir='ltr'>caulis</span> <span class='ocrx_word' id='word_1_366' title='bbox 461 4013 589 4084; x_wconf 87' lang='lat' dir='ltr'>laserpitii</span> <span class='ocrx_word' id='word_1_367' title='bbox 605 4015 748 4084; x_wconf 85' lang='lat' dir='ltr'>impressus</span> <span class='ocrx_word' id='word_1_368' title='bbox 764 4027 821 4079; x_wconf 87' lang='lat' dir='ltr'>est,</span> <span class='ocrx_word' id='word_1_369' title='bbox 835 4017 862 4066; x_wconf 93' lang='lat' dir='ltr'>in</span> <span class='ocrx_word' id='word_1_370' title='bbox 945 4017 1005 4068; x_wconf 80' lang='lat'>205.</span> <span class='ocrx_word' id='word_1_371' title='bbox 1025 4017 1060 4066; x_wconf 79' lang='lat' dir='ltr'>Et</span> <span class='ocrx_word' id='word_1_372' title='bbox 1077 4014 1152 4068; x_wconf 84' lang='lat' dir='ltr'>nulla</span> <span class='ocrx_word' id='word_1_373' title='bbox 1161 4016 1294 4086; x_wconf 83' lang='lat' dir='ltr'>ferientur</span> <span class='ocrx_word' id='word_1_374' title='bbox 1303 4016 1335 4066; x_wconf 84' lang='lat' dir='ltr'>ab</span> <span class='ocrx_word' id='word_1_375' title='bbox 1348 4013 1413 4068; x_wconf 84' lang='lat' dir='ltr'>alite</span> 
     </span>
     <span class='ocr_line' id='line_1_43' title="bbox 359 4093 1411 4167; baseline 0.004 -25"><span class='ocrx_word' id='word_1_376' title='bbox 359 4093 442 4145; x_wconf 85' lang='lat' dir='ltr'>altere</span> <span class='ocrx_word' id='word_1_377' title='bbox 449 4093 572 4164; x_wconf 72' lang='lat' dir='ltr'>corniger</span> <span class='ocrx_word' id='word_1_378' title='bbox 579 4093 719 4144; x_wconf 86' lang='lat' dir='ltr'>Hammon.</span> <span class='ocrx_word' id='word_1_379' title='bbox 729 4094 794 4146; x_wconf 89' lang='lat' dir='ltr'>Hinc</span> <span class='ocrx_word' id='word_1_380' title='bbox 804 4094 862 4145; x_wconf 82' lang='lat' dir='ltr'>Ale·</span> <span class='ocrx_word' id='word_1_381' title='bbox 908 4094 990 4146; x_wconf 81' lang='lat' dir='ltr'>nubes.</span> <span class='ocrx_word' id='word_1_382' title='bbox 1008 4097 1073 4146; x_wconf 85' lang='lat' dir='ltr'>Dan.</span> <span class='ocrx_word' id='word_1_383' title='bbox 1088 4099 1175 4149; x_wconf 79' lang='lat' dir='ltr'>Peter.</span> <span class='ocrx_word' id='word_1_384' title='bbox 1189 4093 1368 4167; x_wconf 76' lang='lat' dir='ltr'>Lindenbtug.</span> <span class='ocrx_word' id='word_1_385' title='bbox 1384 4109 1411 4148; x_wconf 88' lang='lat' dir='ltr'>et</span> 
     </span>
     <span class='ocr_line' id='line_1_44' title="bbox 358 4171 1119 4244; baseline 0.003 -20"><span class='ocrx_word' id='word_1_386' title='bbox 358 4171 457 4226; x_wconf 77' lang='lat' dir='ltr'>sandes</span> <span class='ocrx_word' id='word_1_387' title='bbox 468 4171 593 4240; x_wconf 83' lang='lat' dir='ltr'>Macedo,</span> <span class='ocrx_word' id='word_1_388' title='bbox 605 4173 650 4244; x_wconf 86' lang='lat' dir='ltr'>qui</span> <span class='ocrx_word' id='word_1_389' title='bbox 660 4171 729 4225; x_wconf 84' lang='lat' dir='ltr'>tilius</span> <span class='ocrx_word' id='word_1_390' title='bbox 740 4174 861 4228; x_wconf 83' lang='lat' dir='ltr'>Hammo·</span> <span class='ocrx_word' id='word_1_391' title='bbox 906 4174 968 4226; x_wconf 80' lang='lat' dir='ltr'>Ciu.</span> <span class='ocrx_word' id='word_1_392' title='bbox 976 4174 1119 4244; x_wconf 86' lang='lat' dir='ltr'>feriuntur.</span> 
     </span>
    </p>
   </div>
   <div class='ocr_carea' id='block_1_6' title="bbox 0 0 1620 5168">
    <p class='ocr_par' dir='ltr' id='par_1_9' title="bbox 0 0 1620 5168">
     <span class='ocr_line' id='line_1_45' title="bbox 0 0 1620 5168; baseline 0 10"><span class='ocrx_word' id='word_1_393' title='bbox 0 0 1620 5168; x_wconf 95' lang='lat' dir='ltr'> </span> 
     </span>
    </p>
   </div>
  </div>
 </body>
</html>
