3230 5168
545 500 686 566 ntuetr
711 501 814 564 vrrr.
1161 532 1201 596 9,

204 637 285 700 Fata
295 631 410 698 ferunt
421 631 569 710 animas,
583 645 616 695 et
627 626 748 722 eodem
757 625 879 720 pollice
891 627 1066 699 damnant.

206 743 317 809 Vincit
328 764 414 834 opus
426 766 434 804 ε
447 737 542 832 juxta
553 739 666 806 Mintu
678 736 873 806 cumfratre
886 738 1033 809 verendo

142 917 148 928 ,
206 857 287 920 lura
297 851 408 920 bonus
421 849 559 920 meliora
570 866 897 944 monet,negemqne
908 869 1087 920 cruentum

208 967 404 1055 Temperat:
417 960 584 1028 adsistunt
595 959 742 1028 lacrimis
755 975 855 1053 atque
868 963 945 1052 igne
958 975 1126 1032 tumentes

162 1191 234 1244 lsunc
252 1192 340 1244 locum
358 1192 412 1244 vid.
432 1204 488 1244 not.
508 1205 578 1244 nost.
599 1191 661 1244 edit.
707 1191 771 1242 dine
790 1193 918 1262 superari.
933 1191 972 1244 lta
991 1192 1159 1246 Lactantius:
1182 1212 1211 1249 ut

163 1273 264 1334 toml,
276 1290 337 1343 pag.
352 1271 410 1324 136.
431 1272 476 1324 Eo.
707 1270 830 1322 Lucanus
845 1269 1002 1336 tharam,
1020 1288 1065 1340 19:
1090 1271 1210 1326 ..lassant
1280 1279 1282 1284 '

200 1351 242 1402 26.
260 1350 324 1401 Fata
328 1349 424 1421 ferunt
432 1349 542 1402 unimus.
553 1349 617 1402 Fata
629 1369 664 1402 se-
708 1363 862 1421 rumpentes
877 1353 988 1403 stamina
1004 1347 1109 1405 Parcas.
1121 1379 1131 1398 a
1147 1357 1210 1406 Par-

164 1439 223 1481 ruut
239 1428 321 1500 Lang.
337 1427 436 1480 BusIId.
458 1429 573 1501 Lipsian.
594 1447 663 1481 unus
709 1444 800 1479 carum
812 1445 890 1499 opus,
903 1446 948 1480 seu
961 1431 1073 1481 stamina
1089 1431 1210 1483 vincunt:

164 1507 357 1560 Behot.ornnes
368 1506 517 1575 Barthiaui,
526 1509 663 1576 nonnulli,
709 1503 799 1575 plures
813 1507 882 1557 enim
894 1507 984 1570 nasci,
997 1525 1075 1579 quam
1088 1513 1156 1562 mori
1168 1531 1213 1563 ne·

164 1603 191 1641 et
200 1589 237 1641 sic
249 1588 312 1660 legii
325 1589 394 1640 Dan,
407 1590 529 1642 Heinsius
540 1586 574 1641 ad
586 1589 665 1642 clau.
710 1600 782 1634 cesse
793 1597 848 1646 est,
862 1582 962 1654 alioqui
974 1579 1117 1637 deficerent
1128 1587 1213 1641 horni-

164 1667 233 1720 dian.
252 1669 329 1740 Rapt.
352 1669 473 1739 Proserp.
493 1668 521 1734 I,
536 1669 579 1738 59.
600 1669 665 1720 Fata
709 1681 771 1714 nes:
788 1676 890 1734 etopus
903 1663 936 1716 ds
951 1677 1036 1716 morte
1047 1667 1133 1719 minus
1148 1688 1213 1740 pro-

159 1747 325 1818 fmnlllan.
335 1745 422 1798 Petav.
433 1745 500 1798 alter
506 1745 599 1799 Behot,
606 1747 666 1800 Lin·
709 1741 767 1812 pt'le
775 1739 829 1792 diei
838 1756 935 1812 potest.
947 1743 1163 1799 tinniensem
1175 1767 1215 1800 ve·

165 1825 292 1898 deebi-og.
302 1826 419 1878 Gronov.
429 1823 517 1876 Barth.
531 1837 557 1876 et
568 1825 664 1897 Delph.
711 1839 740 1871 ro
748 1823 786 1872 sic
794 1819 979 1892 explicandum
990 1841 1096 1876 censeo.
1104 1824 1215 1879 Videtur

164 1902 232 1957 Vide
242 1923 280 1956 vs.
293 1903 338 1973 93.
350 1933 386 1944 -
397 1903 470 1956 Fata.
482 1905 575 1956 Parce.
587 1933 622 1945 -
631 1905 667 1956 Et
710 1896 754 1950 hic
765 1902 847 1952 Poeta
859 1900 985 1954 inducere
997 1905 1092 1956 Parcas
1107 1923 1215 1958 munere

165 1985 252 2037 eodm
261 1983 362 2056 polline
370 1983 507 2036 damnant.
518 1981 606 2035 Pollex
618 1985 667 2035 Ve·
710 1980 850 2050 fungentes
863 1981 972 2034 sistendi
986 1998 1105 2038 mortuos
1118 1984 1152 2037 ad
1167 1989 1214 2038 tri-

165 2063 265 2117 teribus
282 2078 308 2116 et
326 2064 423 2116 furoris
444 2077 472 2115 et
490 2061 568 2115 alieni
587 2063 666 2115 animi
710 2056 793 2110 hunul
802 2058 936 2124 Plutonis,
950 2074 978 2111 ut
991 2061 1139 2114 mercedem
1152 2067 1217 2114 reci-

164 2141 258 2195 index:
275 2143 298 2192 si
314 2141 449 2206 faverent,
463 2140 588 2213 pollicem
604 2159 666 2212 pro·
710 2139 786 2208 piant
807 2150 933 2190 anteactae
951 2141 1025 2205 vite,
1043 2140 1161 2214 dicitque
1177 2157 1216 2194 tot

165 2217 664 2286 mebant,ntPliuiusait,Natur.IIist.
708 2213 868 2288 judicandos
888 2214 977 2268 adhuc
996 2232 1114 2286 restare,
1134 2234 1163 2272 ut
1185 2223 1215 2272 iis

166 2299 288 2365 XXVIII,
299 2316 359 2370 cap.
376 2297 407 2350 5:
426 2296 571 2364 uPollices,
585 2315 666 2368 quum
711 2295 834 2347 sistendis
847 2295 977 2348 lassentur
987 2299 1088 2366 Parere,
1101 2319 1216 2372 opusque

166 2379 316 2442 faveamus,
326 2393 447 2447 premere
462 2377 541 2427 etiam
555 2392 667 2446 prover·
712 2373 829 2438 vincere,
841 2376 903 2444 qnia
914 2375 975 2427 licet
984 2377 1105 2430 immensi
1112 2383 1167 2450 jam
1175 2384 1216 2450 ju·

165 2455 211 2508 hio
222 2454 385 2528 jubemur;·
404 2467 430 2506 et
449 2473 480 2506 ex
497 2453 551 2506 hoc
564 2455 666 2505 Horatii
711 2452 791 2505 dicati
801 2455 868 2518 siut,
878 2453 968 2524 plnres
979 2469 1066 2507 tumen
1076 2456 1164 2511 adhuc
1174 2463 1217 2529 ju·

167 2554 240 2590 versu
249 2534 338 2606 colligi
346 2533 609 2605 potestlih.I‚Epist.
622 2533 665 2600 ιθ,
711 2531 818 2584 dicundi
834 2536 973 2606 supersint.
989 2536 1078 2588 Potest
1096 2551 1121 2588 et
1135 2539 1215 2591 intel-

167 2615 215 2668 66:
240 2617 360 2666 uFautor
379 2627 493 2684 utroque
513 2628 589 2665 tuum
607 2611 666 2664 lau·
711 2610 757 2682 ligi
769 2613 860 2664 Fervet
872 2631 937 2685 opus
948 2631 979 2666 es
992 2615 1111 2686 Virgilio.
1122 2619 1216 2670 -tlli-

167 2692 240 2746 dabit
253 2691 350 2764 pollice
363 2691 462 2744 ludum.
474 2715 485 2738 ι
502 2695 593 2765 Itaque
602 2689 665 2763 pol·
712 2708 824 2743 nuscum
828 2692 915 2763 fratre
925 2694 1041 2746 verendo.
1050 2694 1217 2748 Rhadaman-

169 2772 240 2825 licem
250 2783 346 2824 uertere
354 2770 504 2824 damnanda
514 2784 582 2830 erut,
592 2768 667 2840 quod
711 2767 766 2819 tho.
778 2769 865 2821 Minos
879 2773 947 2822 enim
959 2784 985 2821 et
996 2770 1216 2828 Rhadamanthus

170 2849 323 2904 aPolitiano
335 2851 434 2921 optime
444 2847 603 2920 explicatum
613 2861 665 2911 est;
711 2846 807 2898 iratres
817 2861 906 2913 erant,
914 2849 989 2900 lovis
996 2867 1027 2900 cx
1038 2851 1145 2922 Europa
1155 2851 1215 2918 lilii,

170 2945 194 2982 et
207 2933 234 2982 iu
253 2927 406 2982 muneribus
423 2926 603 3000 gladiatoriis,
621 2929 667 3000 qui
712 2936 738 2976 et
754 2923 859 2994 judices
878 2928 1026 2978 Inlerorum
1046 2927 1155 2980 crediti:
1171 2951 1215 2982 as-

169 3008 272 3061 solebat
280 3027 354 3074 enm,
365 3009 411 3080 qui
420 3007 610 3074 succubuerat,
621 3005 666 3059 ad·
712 3021 840 3056 sessorem
859 3003 995 3058 habebant
1014 3008 1114 3059 AEacon
1129 3009 1215 3076 ⁴lilium

170 3091 281 3140 versario
301 3086 388 3140 occidi
405 3085 587 3158 iugularique,
606 3083 667 3159 pol-
712 3085 789 3134 etiam
803 3085 886 3134 loris.
899 3085 952 3150 Qui
963 3083 1051 3136 honor
1062 3085 1113 3139 illis
1128 3088 1215 3140 reddi-

169 3165 243 3219 licem
255 3167 378 3232 veneunt,
392 3177 421 3217 nt
434 3165 607 3216 munerarius.
619 3166 668 3215 lu·
712 3175 754 3213 tus
773 3175 835 3232 post
851 3176 978 3230 mortem,
998 3163 1071 3234 quod
1087 3168 1158 3236 juste
1172 3188 1216 3219 re-

169 3245 267 3298 venulis
288 3247 341 3298 Sat.
362 3246 409 3308 III,
428 3243 478 3308 36,
497 3257 524 3296 et
542 3260 597 3313 seq.
619 3257 667 3294 «et
712 3243 858 3313 gnascrint.
870 3241 962 3294 Claud.
971 3244 1004 3311 V,
1014 3246 1040 3296 in
1049 3247 1110 3298 ttuf.
1123 3247 1168 3299 lib.
1180 3251 1216 3316 II,

168 3342 244 3376 serso
255 3321 353 3395 pollice
362 3319 434 3392 vulgi
446 3322 530 3388 Quem
546 3320 610 3373 llbet
624 3340 667 3373 oc·
712 3318 764 3391 475
780 3334 877 3393 etseq.
895 3323 1050 3388 thaesitor
1066 3327 1094 3374 in
1110 3324 1216 3379 alto...

168 3403 260 3456 cidunt
279 3401 475 3474 populantem·
498 3402 531 3452 Et
548 3399 668 3452 Prudeu-
713 3413 852 3470 praetentat
866 3401 983 3453 Cdrnina
996 3403 1107 3457 Minos..
1117 3443 1136 3455 ..
1151 3425 1217 3478 quos

169 3483 221 3534 tius
228 3481 326 3534 Contra
333 3478 480 3552 symmach.
488 3477 563 3530 Orat.
574 3477 620 3530 lib.
630 3480 668 3542 ll,
713 3479 786 3530 nolle
798 3481 876 3532 lateri
884 3480 988 3534 Viderit
999 3480 1033 3533 ad
1045 3482 1122 3553 rigidi
1135 3498 1219 3538 trans-

172 3579 237 3630 ¹⁰97
256 3573 357 3632 etseq.
376 3559 410 3610 de
428 3555 593 3624 Vestalibus,
613 3575 669 3627 qua
714 3559 793 3611 tuittit
804 3559 915 3613 verbera
927 3562 1025 3613 fratris.
1037 3585 1049 3609 ι
1070 3564 1115 3615 Eo.

168 3639 328 3712 gladiatores
347 3643 373 3691 in
395 3639 476 3712 podio
496 3636 669 3710 spectabant,
751 3639 793 3691 28.
812 3639 878 3690 Juru
897 3639 978 3694 bouus
996 3641 1106 3694 meliore
1121 3659 1218 3698 mouet.

169 3717 309 3790 quihunor
318 3717 460 3787 virginitati
469 3714 591 3768 habitus:
605 3733 671 3787 spe·
719 3717 810 3770 «nitri
828 3718 949 3770 nonnulli
968 3731 1069 3782 mouet,·
1089 3723 1136 3775 sed
1155 3724 1220 3777 illud

169 3811 280 3866 ctnsque
290 3797 402 3866 iacentis
411 3797 491 3866 Virgo
502 3791 623 3846 modesta
628 3795 671 3862 ju·
715 3799 887 3868 Papinianum
906 3811 976 3850 cst.»
998 3801 1093 3852 Bturu.
1116 3831 1151 3842 -—
1171 3805 1220 3854 lie-

169 3875 217 3927 bet
235 3893 363 3926 converso
385 3871 483 3944 pollice
502 3874 620 3943 rumpi.»
637 3902 672 3911 -
714 3893 826 3947 qouque
838 3888 984 3929 cruentum.
999 3876 1147 3930 Plutonem.

168 3953 277 4007 Eoderu.
297 3952 327 4004 ld
341 3967 396 4018 est,
412 3951 505 4004 eodem
521 3970 574 4023 quo
590 3969 671 4004 nese·
754 3972 796 4024 29.
811 3955 1161 4030 Lacrimisatqueipne,etc.
1173 3962 1220 4012 llis

167 4048 232 4085 runt
245 4051 337 4086 eorum
348 4035 436 4085 vitam.
718 4035 798 4090 lluere
807 4049 832 4088 et
840 4050 963 4090 constare
972 4039 1117 4091 inferorum
1129 4041 1222 4092 lluvios

207 4132 249 4184 ²7·
269 4113 358 4168 Vincit
367 4131 441 4184 opus.
455 4111 568 4165 Sensus:
581 4116 674 4166 Parca·
719 4130 813 4168 auctor
824 4130 964 4188 poetarum
976 4114 1083 4170 chorus.
1100 4119 1166 4170 Vide
1175 4138 1222 4170 eos

169 4213 229 4246 rum
244 4195 354 4245 stamina
367 4193 535 4246 morientium
552 4193 672 4245 multitu·
719 4195 745 4245 in
768 4194 845 4246 rebus
868 4195 1020 4246 inlerorum.
1044 4195 1225 4282 Claudianus,

265 4283 329 4346 Ill.
1061 4309 1077 4372 7
