3272 5166
531 512 535 522 '
609 541 750 604 niuea
775 541 814 606 x.
1172 551 1236 639 287

238 662 446 758 Afflatusqu'e
458 663 544 756 fugit
555 687 657 733 curru
670 663 797 759 majore
809 671 938 735 Bootes.

237 781 380 871 Jamque
392 779 503 868 ipsum
516 774 638 844 defecit
648 801 750 871 opus,
765 802 872 873 quum
885 781 1047 872 providus
1059 790 1159 852 Actor

238 884 484 954 Thiodamanta
496 904 613 954 vocat:
632 915 644 938 ·
657 891 741 957 Satis
755 888 827 958 haec
839 892 977 984 inopina
991 892 1136 985 Pelasgis
1188 910 1240 964 330

238 995 367 1064 Gaudia
380 1023 386 1062 :
399 999 454 1064 vix
467 994 554 1064 ullos
566 1013 661 1065 tanto
673 1021 749 1066 reor
760 1001 895 1092 agmine
907 1022 1031 1068 suevam

238 1105 403 1198 Effugisse
415 1128 549 1187 necem,
562 1109 595 1174 ni
609 1131 695 1202 quos
706 1107 866 1178 deformis
879 1109 993 1179 inulto

238 1219 406 1310 Sanguine
417 1217 599 1311 degeneres
611 1219 758 1288 occultat
767 1223 853 1288 vita:
867 1221 1024 1292 secundis

230 1327 330 1396 'Pone
341 1325 482 1394 modum
494 1355 500 1394 :
514 1345 639 1396 suntet
651 1328 731 1396 diris
745 1352 806 1396 sua
818 1333 958 1398 numina
970 1331 1106 1401 Thebis.

240 1441 392 1506 Forsitan
404 1454 437 1506 et
448 1438 543 1505 nobis
557 1438 659 1506 modo
671 1463 748 1534 quaa
760 1439 887 1523 favere,
901 1442 1073 1512 recedunt.
1088 1475 1101 1504 ο
1187 1460 1239 1512 335

239 1551 369 1629 Paruit,
382 1564 415 1615 et
426 1547 577 1616 madidas
590 1546 711 1617 tollens
723 1547 765 1616 ad
778 1549 888 1618 sidens
900 1550 1049 1645 palmas:

291 1658 453 1740 «Phoebe,
466 1658 526 1726 tibi
538 1665 675 1729 exuvias
688 1677 882 1730 monstratoe
894 1665 1033 1755 praemia
1046 1669 1170 1748 noctis,

240 1767 398 1836 Nondum
410 1768 545 1838 ablutus
557 1775 654 1865 aquis
665 1825 673 1854 ,
686 1772 746 1840 tibi
758 1775 849 1840 enim
861 1771 934 1841 haec
948 1799 1010 1867 ego
1023 1799 1117 1844 sacra
1128 1776 1238 1860 litavi,

230 2019 290 2072 328.
309 2020 342 2071 A.
352 2020 379 2092 f.
396 2039 472 2074 eorm
482 2025 580 2094 majore
593 2025 692 2078 Bootes.
774 2025 836 2079 336.
855 2026 984 2078 Madidas.
999 2023 1099 2079 Cruore
1111 2025 1239 2096 perfusas.

194 2101 269 2152 Unus
277 2099 369 2152 Behot.
380 2119 454 2154 cursu
466 2105 571 2174 majore.
584 2105 694 2158 -Βοο-
774 2105 835 2174 337.
855 2105 1006 2158 Monstratoe
1023 2105 1132 2177 premia
1149 2106 1240 2157 noetis.

194 2189 237 2231 tes.
247 2181 342 2233 Bootes
349 2181 454 2249 signnm
461 2178 693 2236 celesteeonstsns
738 2182 808 2249 Quis
827 2200 907 2255 snpra
925 2182 991 2236 dixit
1010 2183 1045 2235 ab
1062 2203 1095 2236 eo
1113 2202 1141 2236 se
1159 2184 1242 2237 fuisse

195 2275 227 2310 22
236 2257 326 2312 stellis.
337 2258 469 2311 Arubibus
479 2259 584 2312 Allava
594 2279 643 2314 een
655 2279 696 2314 vo·
739 2261 913 2316 admonitum.

194 2339 325 2410 ciferator,
337 2343 411 2412 qnasi
421 2343 548 2412 scriptum
559 2355 627 2394 esset
636 2343 695 2403 βοο-
775 2341 836 2394 333.
853 2343 979 2395 Nondum
991 2341 1094 2394 ablutio
1104 2343 1185 2414 aquis.
1198 2341 1241 2394 Ss-

194 2415 248 2482 οὖς,
257 2435 312 2469 non
321 2414 423 2481 βοὸοοο,
435 2419 508 2490 quod
516 2421 645 2493 significat
654 2422 696 2473 bu·
740 2439 784 2472 cra
796 2421 866 2473 enim
879 2423 1007 2494 attingere
1018 2423 1093 2474 neies
1108 2433 1164 2474 esst
1179 2435 1242 2492 post

196 2496 319 2560 bulcum3
339 2511 436 2550 vocent
457 2500 535 2552 etism
557 2499 694 2554 Assumecls
739 2498 851 2567 oedem,
868 2499 1020 2568 antinous,
1035 2501 1085 2552 nisi
1100 2500 1174 2572 prins
1190 2498 1242 2551 iln-

194 2575 694 2648 arromltlsefidest,deserentianeesme
739 2579 810 2630 mine
827 2579 886 2630 vivo
905 2592 952 2630 aut
971 2596 1041 2650 aqua
1061 2576 1240 2630 abluerentur.

194 2651 274 2724 hujus
289 2657 357 2706 inter
371 2673 446 2708 crues
466 2657 545 2708 micat
559 2657 633 2709 stella
653 2659 695 2709 in·
739 2657 898 2752 lutergretes
923 2656 1062 2728 Sophoclis
1086 2659 1113 2708 in
1139 2657 1240 2726 Ajaeez

194 2732 288 2782 formis
295 2733 384 2801 prime
391 2732 592 2803 magnitudinis,
602 2736 696 2787 Aretu-
735 2733 799 2789 'Blae
810 2755 834 2787 ss
846 2735 971 2796 παλαιοῖς,
985 2733 1040 2788 issa
1051 2732 1064 2788 si
1077 2731 1144 2800 φὸοοο
1155 2733 1242 2804 ists-2

195 2827 240 2863 rus
259 2811 355 2864 Grecis
374 2813 544 2886 Latinisque,
563 2812 694 2868 Arsbibus
739 2833 805 2880 nus,
826 2810 841 2864 ti
860 2813 935 2870 ἰλλις
956 2811 1055 2880 saepsit
1074 2813 1180 2874 inuisus,
1197 2813 1242 2868 esis

196 2903 285 2942 antem
293 2891 403 2943 Amme
413 2891 506 2945 dietus.
519 2895 538 2943 ,t
551 2892 660 2947 Theone
668 2897 695 2946 in
740 2890 809 2944 tuve·
826 2892 963 2946 suanm
981 2893 1061 2960 χοῖρος
1082 2893 1112 2949 sie
1132 2888 1241 2962 ιε’θοιμοο

194 2967 281 3020 media
299 2969 371 3020 Zona
385 2969 541 3022 colloestur.
559 3001 595 3012 -
614 2973 694 3024 Cunna
738 2971 783 3024 esi
791 2969 937 3038 μυοίσμιοος.
953 2975 1033 3025 aMos
1043 2984 1099 3024 erat
1109 2971 1242 3026 veteribus

196 3050 302 3120 majore.
318 3047 384 3101 Solis
396 3051 512 3102 scilicet:
527 3065 557 3118 et¹
565 3050 608 3103 hic
621 3071 696 3104 men·
739 3065 801 3123 post
811 3053 907 3104 eedem
917 3052 1070 3118 bominum,
1080 3066 1126 3106 snt
1136 3051 1242 3106 alterins

195 3127 295 3178 tionem
307 3128 370 3179 iecit
383 3127 460 3194 solis,
476 3131 539 3202 quis
549 3133 624 3182 Booti
636 3148 695 3182 cur·
740 3131 875 3198 animalis,
892 3151 986 3185 manus
1002 3130 1112 3185 sblnees
1129 3131 1163 3186 sd
1178 3151 1243 3204 pur-

195 3223 241 3258 rns
253 3207 394 3273 etiamen,
407 3227 485 3280 quem
497 3211 625 3280 seqnitur.
740 3209 856 3280 gaudum
865 3211 1008 3283 piaculum.
1018 3235 1029 3258 ο
1040 3210 1129 3282 Virgil.
1138 3211 1242 3265 AEueid.

230 3286 291 3358 3²9·
310 3286 414 3359 Defecit
427 3306 499 3358 opus.
519 3289 695 3355 Ueientanum,
740 3291 763 3340 ll
771 3327 779 3356 ,
793 3308 830 3341 vs.
847 3307 913 3359 7²⁰²
931 3289 993 3342 «Tu
1008 3289 1113 3359 genitor
1125 3305 1191 3358 cspe
1201 3307 1243 3340 ss·

195 3369 241 3438 qni
256 3365 448 3420 occiderentur.
741 3369 1243 3440 cremnon,patriosqnepensteszlls

230 3446 291 3499 332.
315 3447 448 3520 Effigisse
467 3465 571 3513 mon,
591 3448 619 3499 ni
634 3465 697 3519 quos
742 3445 812 3500 bello
831 3468 846 3500 e
862 3461 936 3500 tuoto
950 3447 1114 3518 digressum,
1134 3461 1161 3499 et
1173 3446 1242 3500 cede

196 3523 317 3595 defensis
328 3527 356 3576 in
366 3525 430 3578 ulto.
445 3528 528 3597 Lang.
543 3525 614 3578 Busl.
627 3529 695 3580 Dsn.
742 3529 860 3593 recenti,
881 3529 1026 3580 Atti-sotere
1047 3527 1137 3590 nefas,
1157 3525 1243 3578 dones

195 3601 328 3656 Petsv.¹et
348 3603 407 3656 edd.
423 3617 486 3657 vett.
506 3605 557 3657 nisi
574 3624 644 3678 quos.
661 3635 697 3645 -—
742 3623 785 3658 me
799 3605 906 3660 ilumine
918 3609 976 3660 vivo
988 3605 1115 3659 Ablneso.
1127 3629 1138 3654 ι
1150 3635 1185 3648 -
1197 3606 1243 3680 [ι’-Ι

195 3681 258 3752 Reg.
270 3684 291 3735 B
302 3683 399 3750 habet,
412 3685 543 3758 Effisqine
555 3703 639 3736 necem
646 3724 656 3752 ,
670 3684 697 3737 ti
743 3688 804 3737 tavi.
811 3685 926 3738 Verbum
934 3685 986 3738 hoe
994 3689 1079 3738 active
1086 3688 1164 3738 etiam
1171 3704 1246 3738 usur·

196 3780 257 3833 quos
272 3763 395 3832 defonnis
409 3763 435 3814 in
451 3763 520 3824 alto‚·
537 3763 601 3834 Reg.
615 3764 635 3816 C
648 3783 697 3816 no·
741 3778 848 3835 patum,
860 3779 890 3817 nt
901 3765 973 3837 apud
984 3766 1112 3817 Nostrum
1121 3763 1182 3816 silv.
1194 3766 1243 3832 lll,

196 3851 275 3893 stram
288 3840 348 3894 lect.
368 3845 413 3896 Eo.
742 3844 778 3909 3,
805 3843 877 3896 213:
902 3846 981 3898 Sam
1006 3843 1100 3896 litabit.
1129 3844 1244 3914 Proper-

231 3920 293 3974 3³5.
310 3923 337 3974 F.
351 3941 373 3974 e.
386 3941 412 3974 n.
426 3939 462 3972 m.
476 3921 645 3994 quassavere,
660 3942 697 3975 re·
743 3923 809 3986 tius,
823 3920 868 3973 lib.
885 3925 930 3989 tv,
945 3921 983 3974 El.
1000 3939 1023 3990 t,
1042 3913 1157 3975 «Pauor
1170 3935 1196 3974 et
1210 3921 1244 3974 ad

195 3999 296 4052 cedunt.
304 4000 534 4072 Lipsisn.Tanrin.
543 4014 570 4052 et
578 4000 698 4053 nonnulli
742 3999 857 4052 calamos
871 4013 931 4054 exta
944 4000 1043 4054 libabat
1057 4003 1121 4054 ovis.
1132 4025 1144 4048 ι
1158 4003 1245 4071 Virgi-

196 4077 273 4130 codd.
283 4079 472 4152 lindenbrogii
483 4079 607 4131 recedent.
619 4081 699 4132 ioni-
742 4079 807 4144 lius,
817 4079 918 4132 AEneid.
928 4081 972 4144 W,
981 4096 1017 4132 vs.
1027 4077 1074 4132 5o=
1088 4103 1099 4125 ι
1107 4079 1244 4149 Sensitque

196 4177 245 4211 nus
264 4162 334 4231 conj.
355 4161 481 4216 recedant.
506 4195 536 4202 -
557 4163 695 4218 discedunt.
742 4158 854 4210 litatis.»
871 4160 1026 4212 Ammianus
1037 4157 1183 4210 Marcellin.
1197 4155 1243 4210 lib.

196 4237 246 4289 Alii
258 4239 382 4292 recedent.
742 4238 843 4306 xxix,
861 4239 966 4295 sbitsto
981 4239 1118 4290 numine.-
