3230 5168
547 610 688 673 LIBER
713 609 815 671 Vlll.
1142 611 1202 674 roll

201 743 261 806 Sec
274 737 354 832 quid
366 761 428 827 ego
440 735 534 804 lraec?
549 742 560 802 1
574 791 581 819 ‚
595 741 770 803 Tartareas
784 732 946 804 ulciscere
959 734 1070 816 sedes,
1169 751 1202 802 65

201 848 403 940 Tisiphone,
417 864 465 932 et,
479 849 506 915 si
520 847 657 942 quando
668 851 764 916 novis
777 850 960 941 asperrima
972 850 1148 928 monstris,

201 962 328 1042 Triste,
339 961 528 1042 insuetum,
541 962 676 1050 ingens,
688 957 780 1054 quod
792 956 945 1027 nondum
955 956 1075 1026 viderit
1087 957 1202 1041 aether,

202 1071 272 1138 Ede
281 1071 390 1154 nefus,
405 1071 496 1167 quod
508 1074 611 1140 mirer
623 1095 700 1164 ego,
714 1072 954 1166 invideantque
966 1095 1107 1139 sorores.

202 1190 311 1277 Atque
322 1183 407 1252 adeo
418 1185 553 1266 fratres,
566 1189 757 1279 nostrisque
769 1186 842 1252 haeo
853 1187 967 1252 omina
980 1198 1080 1251 sunto

203 1300 313 1364 Prima
325 1297 558 1379 odiis3fratres
571 1297 700 1366 alterna
712 1300 747 1365 in
759 1297 899 1366 vulnera
914 1297 991 1366 laeto
1171 1325 1203 1375 70

157 1544 210 1581 tem
220 1529 311 1582 dividit
323 1549 438 1583 anuum:
451 1533 528 1585 Nono
539 1535 606 1599 Uen,
618 1553 657 1583 re·
703 1533 796 1584 Behot.
814 1545 840 1585 et
856 1535 882 1584 in
897 1535 976 1602 Regg.
993 1533 1013 1582 B
1028 1545 1053 1582 et
1065 1531 1094 1582 C.
1107 1531 1154 1581 En.
1169 1561 1204 1569 -

156 1628 269 1679 gnorunt
279 1629 376 1664 numen
385 1611 656 1677 communeduorurn‚
702 1611 858 1684 Aspern'ma.
871 1609 970 1682 Supple
983 1611 1066 1660 fuisti.
1078 1637 1113 1648 —-
1122 1609 1205 1662 Nouis

157 1688 222 1738 Cum
240 1703 324 1741 matre
344 1703 383 1741 est
402 1691 527 1758 totidem,
547 1691 657 1742 totidem
703 1692 921 1744 rnonstrir.Novis
931 1703 957 1740 et
967 1689 1078 1740 insolide
1090 1688 1203 1757 flagitiis.

158 1784 217 1817 eum
227 1769 341 1838 conjuge
354 1786 464 1821 menses.
478 1793 489 1816 n
503 1769 579 1822 Unde
593 1771 658 1842 inju-
738 1769 780 1821 68.
796 1763 941 1821 Invidennt.
957 1766 1037 1836 Quod
1052 1768 1204 1836 excogitasti

157 1857 200 1898 stoe
209 1847 242 1896 ab
252 1849 318 1899 Joue
331 1846 404 1919 leges.
703 1869 801 1904 norum
814 1849 916 1915 scelus,
930 1845 1001 1920 quod
1016 1849 1080 1918 ipsis
1093 1867 1146 1900 non
1158 1868 1205 1899 ve-

192 1924 235 1976 65.
254 1925 306 1978 Sed
314 1925 378 1998 quid
388 1945 435 2002 epo
449 1923 519 1978 lroec?
531 1927 553 1992 i,
568 1927 658 1980 Tarta·
704 1931 770 1980 uerit
789 1931 960 1995 intuentem,
975 1927 1046 1978 uude
1065 1945 1147 1978 causa
1165 1929 1205 1978 in·

157 2005 657 2079 reus,etuSedquidepolroecitnLang.
702 2008 787 2059 vidite.

157 2082 254 2135 Buslid.
274 2086 343 2136 Dan.
362 2085 448 2136 Peter.
468 2085 571 2136 Behott.
588 2103 609 2151 r,
625 2103 657 2149 n,
738 2089 781 2156 69.
801 2089 888 2159 Atque
899 2089 962 2138 odeo
973 2086 1085 2156 fratres,
1103 2085 1205 2138 uostris-

156 2163 656 2221 Atdd.cotin.Bastt.1tndenbr.cruc.
703 2183 752 2237 que
765 2165 818 2217 lioec
831 2165 919 2216 omino
933 2174 1016 2216 sunto.
1033 2165 1100 2216 Dan.
1116 2163 1204 2214 Peter.

157 2257 184 2294 et
197 2245 303 2296 Gevert.
321 2245 436 2314 «Inepta
447 2263 496 2296 nec
513 2245 657 2314 Papiniene
702 2244 844 2297 Lindenbr.
853 2257 879 2296 et
885 2245 964 2296 Gruu.
976 2243 1113 2314 nostrique.
1126 2239 1204 2294 Aldd.

157 2321 304 2393 scripture,
316 2340 397 2393 quam
409 2335 497 2374 tumen
508 2320 568 2374 libri
580 2320 657 2393 pler-i·
703 2323 788 2374 Colin.
798 2337 823 2374 et
831 2321 906 2373 Basil.
917 2323 971 2373 taec
981 2321 1069 2372 omnin
1076 2332 1161 2372 sunto.
1171 2349 1204 2358 -

157 2401 657 2473 quedefendunt.Veraeet‚quamjam
702 2405 765 2471 neg.
788 2405 821 2468 Β,
839 2402 893 2454 lraee
909 2403 998 2452 omnin
1015 2410 1091 2452 sunto
1108 2397 1198 2458 haben

156 2480 219 2532 olim
227 2480 597 2535 doetisslmusGul.Canterus
605 2483 658 2534 Nu·
702 2485 767 2553 Reg.
781 2485 929 2536 Cnoetram
944 2481 1094 2533 lectionem.
1107 2479 1152 2530 En.
1168 2507 1205 2520 «—
1308 2479 1311 2490 ’

157 2581 210 2612 var.
218 2563 289 2614 Lect.
298 2561 344 2616 tit.
354 2565 393 2626 11,
404 2579 462 2633 cap.
475 2563 504 2626 Β,
514 2561 595 2614 vidit:
606 2563 659 2614 Sed
701 2562 852 2633 Nostrisque
862 2561 916 2612 lroee
928 2560 1017 2613 omina
1028 2567 1103 2610 muto
1113 2558 1204 2610 Prima

156 2641 222 2711 quid
239 2660 286 2714 eqo
306 2641 377 2694 ltoec?
391 2642 420 2708 1,
438 2641 586 2706 Tartareae,
605 2655 654 2694 etc.
701 2639 774 2692 odiit.
786 2639 942 2691 Emendatio
955 2637 1010 2690 hmo
1023 2655 1037 2688 e
1052 2635 1126 2688 libris
1139 2637 1205 2688 seri-

155 2719 213 2770 Nisi
223 2721 283 2789 quis.
291 2716 365 2770 malit
375 2720 468 2790 optimi
483 2721 567 2772 nostri
578 2717 639 2770 libri
649 2741 655 2770 :
701 2721 753 2791 ptis
761 2733 812 2771 est:
822 2720 927 2789 vulgata
935 2755 944 2782 ‚
953 2717 1008 2768 lroec
1015 2717 1104 2768 omnin
1111 2727 1203 2768 sunto:

156 2797 208 2850 Sed
227 2798 291 2869 quid
307 2815 354 2871 epo
373 2797 444 2849 lroee?
465 2808 492 2848 tu
513 2798 655 2850 Tartareos.
702 2811 900 2860 occeanum,
917 2813 966 2847 nee
985 2797 1041 2846 suni
1059 2793 1204 2864 quidquam

156 2880 240 2950 Magis
250 2892 337 2930 tamen
347 2877 414 2945 illud
422 2879 595 2950 Papinianum
604 2881 656 2949 spi·
701 2896 733 2928 ex
741 2872 1006 2928 eavettciasnnetlum
1013 2873 1107 2942 (inquit
1115 2871 1204 2940 Pluto)

156 2973 206 3010 rnt.
217 2983 228 3005 ι
242 2962 337 3012 Btnrn.
350 2987 386 2998 --
396 2957 448 3010 Sed
458 2959 521 3030 quid
534 2978 581 3032 epo
594 2959 655 3010 lroeo.
702 2952 1065 3028 Polynicisetssteoeliuomen
1074 2951 1124 3008 erit
1130 2949 1203 3012 belli,

155 3039 271 3110 Supple,
283 3041 397 3106 Queror.
409 3040 542 3108 Frequens
555 3041 656 3109 aposio-
702 3037 773 3109 quod
781 3055 830 3106 ego
840 3034 966 3086 fratribus
976 3034 1034 3082 lovi
1043 3043 1068 3082 et
1077 3032 1203 3101 Neptuno

156 3120 227 3188 pens
240 3121 333 3190 poetis.
347 3119 445 3171 Noster
460 3115 544 3168 Theb.
558 3119 607 3183 XI,
621 3119 654 3170 82
701 3117 828 3176 inieram,
843 3114 894 3166 hnc
911 3113 1006 3182 injurio
1021 3113 1115 3162 merito
1128 3129 1203 3162 eom·

156 3209 182 3250 et
202 3215 260 3269 sqq.
284 3193 379 3268 uquod
397 3198 535 3248 innumero
551 3195 655 3248 Lethea
702 3210 798 3249 motus.
818 3197 895 3246 Brun.
910 3194 1063 3244 -Froetren
1080 3191 1202 3244 Eteocles

156 3280 275 3332 examine
289 3277 388 3350 gaudet
399 3277 482 3348 Ripa,
497 3296 561 3331 mee
573 3280 655 3343 vires,
703 3291 728 3328 ot
740 3276 884 3348 Polynices.

157 3379 214 3412 meo
230 3359 291 3411 loetn
306 3359 433 3428 iusignia:
453 3357 500 3410 eed
517 3357 581 3429 quid
595 3361 657 3410 Haee
737 3373 779 3426 7⁰·
800 3356 890 3406 Prima
904 3353 1051 3421 odiistlleg.
1065 3352 1098 3412 B,
1111 3350 1202 3401 Prima

156 3443 244 3512 egoi·
256 3439 566 3509 ldem,Tlreb.1V‚774=
582 3462 594 3486 ι
604 3441 656 3493 Sed
701 3436 767 3500 odii,
782 3447 832 3487 etr,
850 3433 948 3492 huben
966 3434 1029 3500 Reg.
1046 3429 1067 3480 C
1085 3441 1202 3480 nostram

156 3518 221 3589 quid
238 3537 288 3589 ego
307 3517 381 3570 lieo?
399 3519 537 3588 fetensque
559 3521 656 3588 optetis
699 3513 914 3565 tenimento.
929 3541 963 3550 -
978 3509 1056 3561 Odiis.
1075 3511 1202 3559 interme

154 3597 380 3648 demororundis?
388 3619 398 3642 ι
406 3595 482 3650 ovid.
492 3595 654 3667 HeroidEp.
700 3608 727 3645 et
738 3596 842 3644 dorem.
851 3619 888 3632 ·-
897 3592 966 3642 Loeto
976 3591 1062 3640 Morte
1074 3597 1160 3639 ruant.
1173 3586 1203 3637 ld

155 3677 231 3740 xm,
249 3675 312 3728 135:
330 3674 402 3728 -sed
416 3673 480 3746 quid
496 3693 545 3746 ego
559 3693 655 3726 revoco
701 3687 739 3724 est
748 3711 755 3738 ‚
765 3671 958 3742 gaudeanthoc
967 3667 1064 3720 duello.
1075 3667 1133 3718 Sive
1143 3665 1202 3717 loeto

155 3752 231 3806 hee?
251 3771 330 3806 omen
353 3756 501 3806 revocantis
528 3753 652 3806 abesto·
701 3747 1057 3818 Marte,idest‚eompnudio
1066 3760 1202 3817 spectante

155 3835 290 3887 Ausonius
307 3835 463 3886 Praefatione
480 3834 586 3905 Septem
606 3834 655 3885 Se·
699 3843 813 3902 utroque
824 3831 941 3882 exercitu
953 3827 1049 3894 Argivo
1061 3838 1087 3876 et
1097 3823 1202 3876 Thebo-

154 3915 291 3984 pientnm:
316 3910 388 3965 «sed
401 3930 451 3982 ego
470 3911 534 3982 quid
548 3911 656 3964 isthec?
700 3906 1201 3975 no.DieitenimTheb.Xl‚utromque

153 4011 211 4043 non
225 3991 275 4044 hee
288 4009 369 4044 eausa
382 3990 435 4043 hue
449 3990 545 4062 prodii.
558 4013 568 4038 ι
701 3991 844 4042 exereitum
851 3990 937 4060 primo
948 3998 1049 4037 motum
1058 3984 1202 4036 misericor-

191 4071 237 4124 66.
256 4071 409 4142 Tisiphone,
424 4083 465 4140 et‚·
478 4072 499 4121 si
509 4071 652 4140 quondo...
701 4067 743 4119 dia
756 4085 818 4139 erga
828 4069 939 4125 iratresq
950 4085 980 4116 ae
994 4083 1040 4116 eos
1052 4073 1201 4134 pugnantes

156 4150 283 4202 .v0euta
306 4163 331 4202 et
354 4152 380 4202 in
406 4149 478 4202 nullo
505 4163 654 4201 nostrorum
700 4145 813 4200 voluisse
830 4145 966 4206 dirimere,
988 4142 1032 4194 sed
1050 4159 1111 4192 mox
1130 4155 1202 4190 arma

152 4230 346 4300 exemplarium
358 4231 457 4282 visitur.
476 4227 564 4294 Placet
577 4229 656 4279 omit·
702 4227 848 4297 placuisse,
860 4237 887 4275 et
898 4236 997 4274 mutata
1011 4220 1141 4272 sententia
1155 4235 1203 4267 vo-

151 4313 184 4362 ti.
196 4335 207 4357 ·
220 4311 315 4362 Btnru.
327 4311 406 4360 Deest
418 4312 494 4360 otium
506 4311 532 4360 in
543 4321 656 4378 utroque
701 4305 780 4357 luisse
788 4317 915 4375 spectaro.
925 4302 1064 4354 -Dehoc
1075 4300 1134 4350 loco
1142 4295 1201 4362 vido
