3264 5166
410 592 475 672 264
640 594 674 656 P.
701 593 735 656 P.
762 592 916 658 STATIl
940 591 1212 658 THEBAIDOS

453 717 588 814 Disjice‚
600 734 634 788 ct
644 723 679 788 in
690 719 823 788 Thebas
835 719 944 802 aliud,
956 735 1067 814 potes,
1080 733 1198 787 excute
1210 717 1348 786 fulmen.
1362 750 1375 778 ι
1467 791 1471 796 ,

499 829 587 919 Quid
599 831 871 900 faciat?scitfatn
883 834 953 900 suis
965 835 1129 899 contraria
1140 831 1262 912 Graiis,
1407 857 1442 909 7⁰

387 991 390 998 .
453 947 684 1036 Aversumque
694 945 812 1010 Jovem
823 967 831 1008 ε
844 941 902 1009 scd
915 966 977 1010 uec
987 943 1125 1036 periisse
1136 957 1291 1034 precatus

453 1055 627 1148 Tantaque
641 1051 729 1120 donn
740 1051 837 1120 velit:
851 1070 985 1146 tempus
997 1069 1108 1120 nmen
1121 1051 1217 1118 obvia
1228 1052 1340 1144 magni

453 1167 535 1229 Fors
546 1159 639 1230 dedit
649 1161 763 1232 auxilii
775 1189 783 1229 ε
796 1161 888 1231 videt
897 1162 966 1231 alto
978 1187 1020 1230 ex
1030 1159 1154 1230 aethere
1165 1159 1277 1228 clausu

454 1273 595 1354 Moenia,
608 1289 641 1346 et
652 1275 798 1341 insomni
809 1273 934 1342 vallum
947 1276 1088 1342 statione
1098 1275 1214 1340 teneri.

453 1387 593 1452 Horruit
603 1387 730 1452 irarum
742 1385 901 1470 stimulis,
914 1403 1072 1480 motaque
1083 1383 1267 1453 verendum
1408 1391 1440 1462 7⁵

453 1493 616 1563 Turhavit
626 1494 779 1564 diadema
790 1521 905 1566 coma:
920 1521 988 1565 non
1001 1499 1121 1565 saevius
1131 1499 1227 1576 arsit,

453 1605 625 1673 Herodeae
636 1630 741 1701 quum
752 1611 868 1676 matris
875 1631 982 1692 onus,
995 1610 1213 1701 geminosque
1224 1604 1386 1672 Tonantis

451 1715 657 1788 Concubitus
667 1723 781 1790 vacuis
793 1720 1023 1814 indignaretur
1033 1721 1068 1786 in
1081 1721 1189 1786 nstris.

454 1831 541 1920 Ergo
552 1831 753 1922 intempesta
765 1833 875 1900 somni
887 1829 1064 1900 dulcedine
1075 1845 1190 1921 captos

394 1972 398 1982 ·
454 1942 606 2007 Destinat
616 1945 739 2010 Aonios
751 1942 818 2011 leto
829 1943 998 2038 praebere:
1012 1964 1176 2035 suamque

454 2047 599 2119 Orbibus
610 2055 738 2145 accingi
751 2053 856 2122 solitis
866 2051 962 2146 jubet
974 2055 1059 2136 irin,
1072 2069 1106 2119 et
1116 2073 1216 2118 omne

453 2157 594 2228 Mandat
604 2186 690 2254 opus
702 2189 709 2230 :
722 2182 821 2258 paret
827 2161 931 2258 jussis
942 2169 1011 2232 Dea
1023 2162 1130 2244 clara,
1143 2159 1326 2254 polumque

409 2325 414 2352 „
452 2270 604 2364 Linquit,
617 2289 650 2340 et
661 2276 696 2340 in
707 2291 813 2342 terras
826 2273 925 2368 longo
936 2272 1154 2366 suspenditur
1162 2293 1254 2338 arcu.

407 2455 501 2508 barnrn
518 2469 549 2508 nt
568 2457 685 2530 Gnyetns
706 2462 904 2531 interpretatur,
986 2477 1027 2532 77.
1039 2459 1172 2512 Hemien
1180 2477 1260 2531 quum
1270 2457 1360 2508 manis
1370 2471 1443 2519 onus,

407 2555 441 2588 an
457 2535 551 2590 coliem
568 2540 595 2590 in
612 2557 665 2611 quo
678 2540 732 2592 site
745 2539 858 2608 Theba,
876 2555 905 2594 nt
947 2541 1115 2615 qeminoique
1137 2539 1263 2591 Tonantis
1284 2532 1443 2587 concubinis

408 2615 578 2688 Peyrarcdus.
949 2619 979 2670 ld
987 2633 1130 2689 est‚qnnrn
1139 2615 1201 2669 vidit
1208 2612 1346 2667 Herculem
1355 2625 1380 2664 ct
1387 2613 1446 2662 Bac·

444 2693 487 2764 69.
506 2695 614 2766 Diijr'ce,
628 2707 653 2746 et
667 2695 695 2746 in
708 2696 806 2748 Tbebns
818 2695 904 2762 atiud,
949 2692 1445 2756 cbnmThebanosintertidernreiatoe,

406 2783 492 2844 potes,
506 2785 595 2825 excute
605 2773 722 2842 fulmen.
740 2776 824 2828 Dirice
836 2793 906 2828 unns
949 2775 1061 2850 locaque
1076 2779 1102 2828 in
1118 2775 1182 2828 curio
1196 2791 1278 2826 vacue
1293 2788 1444 2842 occupasse.

407 2848 499 2902 Behot.
515 2851 560 2904 scd
572 2850 657 2904 aliena
668 2871 747 2906 runnu
759 2855 768 2906 i
780 2856 906 2906 insertum
986 2858 1028 2926 78.
1043 2856 1194 2907 Concubitus
1206 2852 1291 2904 nands
1302 2849 1446 2921 indiqnnre·

408 2941 460 2995 est,
471 2941 500 2981 nt
512 2929 656 3000 legeretur:
668 2933 769 3004 Disjicc
780 2935 905 3006 -Regq
950 2934 1033 2986 turin
1046 2935 1127 2986 astris.
1141 2931 1290 2984 Succubitru
1304 2931 1363 2980 Pnt.
1379 2927 1446 2979 indi·

408 3007 429 3058 B
446 3023 472 3060 et
491 3011 528 3074 C,
543 3012 639 3064 Dissice
656 3012 788 3066 exhibent.
808 3015 855 3066 En.
871 3044 906 3054 -
948 3012 1078 3086 qnobotur
1094 3013 1123 3062 in
1141 3012 1213 3064 ostris
1229 3025 1297 3060 nnuc
1310 3005 1401 3058 Rebot.
1413 3033 1445 3044 —

408 3087 614 3160 Aliudfitimen·
630 3092 670 3144 Ab
682 3113 714 3146 eo
726 3114 763 3148 sc.
777 3114 828 3166 qun
844 3114 906 3166 per·
950 3094 1013 3162 Reg.
1027 3093 1047 3142 B
1060 3089 1155 3157 habet,
1166 3089 1297 3142 Secnbi'rns
1310 3087 1398 3140 caenis
1407 3085 1446 3136 in-

409 3184 485 3218 cussa
494 3169 602 3222 Semele.
613 3171 695 3223 Theb.
707 3175 732 3240 1,
745 3193 767 3224 r.
780 3173 846 3240 2⁵8,
859 3175 907 3226 uii-
950 3169 1101 3243 diqncretur
1114 3170 1142 3220 in
1156 3169 1236 3222 ostris.
1255 3165 1303 3218 Eo.

407 3243 460 3296 lani
468 3244 671 3300 odimusnrbem
677 3251 907 3316 Quamvuitncon·
986 3265 1027 3318 79-
1046 3249 1116 3320 Etyo
1127 3248 1279 3319 intempfflfl
1289 3242 1386 3308 ”Mis
1397 3254 1443 3294 ⁸⁸⁰·

408 3322 904 3400 fessundtqubioonsciamagnisque.
950 3329 1024 3379 Hanc
1036 3340 1188 3398 sequentem
1200 3325 1285 3377 somni
1296 3321 1446 3394 descriptio·

408 3403 475 3468 tori,
487 3405 600 3455 tonitrus
613 3405 682 3476 agis,
693 3417 718 3457 nt
729 3425 786 3458 mea
796 3407 906 3462 fulmine
950 3423 1010 3456 nem
1022 3421 1165 3475 usurpasse
1178 3401 1264 3455 Ovidii
1278 3399 1381 3453 ridetur
1391 3401 1445 3450 No·

409 3495 549 3552 torquen-
574 3481 682 3536 Fulmen
707 3486 786 3536 ctiam
807 3487 906 3539 Jnnnni
951 3493 1012 3534 ster.
1026 3481 1076 3534 ndi
1090 3496 1180 3534 notata
1194 3481 1305 3534 ndvcre.
1324 3476 1444 3544 §tutin

408 3559 545 3612 tributum.
950 3563 1057 3614 xtttet.
1066 3575 1134 3615 nort.
1143 3561 1204 3614 edit.
1214 3575 1231 3612 t.
1243 3563 1286 3626 w,
1296 3579 1324 3632 p,
1335 3559 1394 3612 283.
1402 3559 1445 3609 En.

444 3655 488 3707 7¹·
506 3639 687 3712 Aversumque
695 3643 796 3693 Jouem.
813 3643 907 3696 Arinen
986 3644 1029 3695 to.
1049 3643 1154 3696 Aonios.
1168 3641 1321 3694 Thebanos.

407 3733 515 3789 rumque
526 3716 595 3770 idern
608 3717 700 3771 Bebot.
713 3719 796 3772 codex
808 3735 833 3772 et
842 3741 906 3774 non·
986 3722 1029 3773 81.
1047 3722 1153 3774 Orbibus
1165 3721 1274 3793 accinqi.
1288 3717 1378 3790 virgil.
1392 3719 1445 3769 AEn.

408 3794 473 3847 nulli
484 3795 721 3865 barchinonensis
732 3803 857 3870 optimus.
951 3801 989 3864 V,
1003 3819 1041 3852 re.
1056 3800 1104 3869 89:
1123 3822 1134 3846 ι
1145 3798 1216 3851 Mitte
1227 3801 1292 3869 jacit
1303 3798 1389 3850 varios
1404 3794 1446 3848 ad·

444 3892 487 3943 7²·
509 3875 645 3948 Tantaque
656 3879 732 3930 dona.
745 3880 862 3950 Peplnnr.
950 3897 1025 3931 verso
1042 3879 1099 3933 sole
1117 3881 1226 3932 colores.
1240 3902 1252 3925 n
1270 3909 1306 3919 -
1321 3878 1387 3929 Irin.
1402 3877 1445 3926 Ιώ

444 3953 488 4024 73.
507 3955 566 4008 Fon
577 3955 647 4007 dedit
659 3957 761 4010 aurilii.
774 3959 834 4011 Fors
846 3960 906 4013 tulit
949 3959 1062 4011 dnnnnis
1077 3956 1189 4023 famula,
1203 3955 1375 4008 Thaumantis
1388 3953 1444 4006 fiiis.

407 4032 502 4086 auxilii
513 4051 581 4086 nnus
594 4033 686 4086 Bebot.
702 4065 737 4074 -
753 4037 810 4090 fors
826 4037 903 4090 dedit.
985 4039 1029 4090 82.
1044 4040 1100 4090 Dea
1108 4037 1188 4090 cioca.
1200 4041 1246 4090 iris
1257 4055 1303 4090 scu
1314 4055 1391 4090 arcus
1401 4053 1445 4086 cae·

407 4115 490 4166 Casus
503 4131 652 4166 occurrens.
672 4116 796 4168 Lucrtnr.
951 4115 1032 4170 iestis.

444 4192 906 4266 74.Moenia.drgirorurncastra.-
986 4196 1030 4249 83.
1048 4198 1081 4248 ln
1101 4208 1178 4248 terras
1196 4197 1274 4269 lonqo
1287 4197 1448 4268 nupendr'tur

410 4271 526 4326 Vallum.
539 4272 734 4326 Thebanorum.
755 4274 879 4326 Lucrina.
951 4293 1019 4326 arcu.
1036 4273 1133 4326 Allndit
1151 4273 1183 4328 ad
1198 4293 1288 4326 arcum
1306 4274 1445 4336 celestem,
