3256 5160
570 562 714 628 LlBER
738 560 821 629 llll.
1159 570 1220 652 471

223 692 402 760 Admovet:
416 689 526 758 ambas
540 688 681 772 hilares,
695 705 729 756 et
740 692 858 758 mortis
871 715 986 758 amore
999 692 1171 784 superbae,

221 802 366 871 Ensibus
378 804 545 870 intentant
554 798 710 892 juguloS‚
725 823 907 895 regemque
922 818 1101 869 cruentum
1173 815 1226 869 680

221 919 433 998 Destituunt3
449 937 555 1010 quum
570 913 659 981 dicta
674 913 786 981 ferens
798 913 943 982 Theseia
955 916 1107 1007 Phegeus

221 1025 371 1094 Adstitit:
386 1026 441 1096 ille
454 1025 590 1121 quidem
603 1028 704 1094 ramis
716 1028 859 1093 insontis
873 1025 970 1096 olivae

223 1135 400 1218 Pacffinns,
415 1134 474 1203 sed
486 1133 573 1202 bella
587 1138 669 1216 ciet,
681 1134 878 1230 bellumque
891 1138 1062 1219 minatur,

220 1247 356 1314 Grande
370 1247 533 1327 fremens,
546 1248 758 1340 nimiumque
769 1271 899 1315 memor
911 1246 1117 1332 mandantis,
1131 1263 1165 1316 et
1176 1250 1288 1342 ipsum

191 1433 193 1441 ,
221 1364 296 1428 Jam
309 1382 431 1452 prope,
441 1355 514 1451 jam
525 1357 655 1426 medios
667 1361 799 1450 operire
814 1357 1008 1426 cohortibus
1019 1381 1118 1450 agros
1174 1373 1226 1426 685

224 1472 459 1562 ingeminans:
474 1471 566 1538 stetit
576 1468 736 1560 ambiguo
748 1467 932 1536 Thebanus
945 1472 980 1534 in
992 1483 1079 1536 oestn

221 1585 405 1662 Curarum,
419 1596 608 1674 nutantque
620 1582 736 1660 minat,
751 1596 784 1646 et
796 1582 888 1672 prior
901 1582 950 1646 ira
963 1581 1113 1670 tepescit.

268 1694 366 1757 Tunc
378 1690 491 1756 firmat
503 1713 597 1772 sese,
612 1689 815 1784 fictumque,
831 1715 870 1757 ao
882 1693 977 1758 triste
989 1687 1165 1758 renidens:

227 1807 400 1870 eParvane
413 1809 606 1895 prostratis,
620 1807 743 1897 inquit,
756 1801 960 1871 documenta
971 1806 1126 1896 Mycenis

162 1926 168 1938 “
222 1918 418 1985 Sanximus?
441 1939 484 1984 en
498 1919 634 2000 iterum,
647 1919 706 2011 qui
718 1919 841 1984 moenia
853 1921 968 1984 nostra
980 1915 1158 1983 lacessant.
1174 1927 1227 1997 690

222 2030 432 2120 Accipimus:
448 2030 603 2112 veniant,
618 2027 676 2095 sed
693 2051 736 2094 ne
749 2043 825 2120 post
836 2026 926 2094 bella
938 2042 1133 2121 querantur.

223 2142 292 2205 Lex
305 2138 422 2206 eadem
435 2142 542 2206 victis.
555 2171 568 2200 n
584 2142 690 2206 Dixit:
705 2139 764 2205 sed
779 2138 918 2230 pulvere
931 2161 1044 2206 crasso

222 2248 372 2340 Caligare
385 2249 491 2332 diem,
506 2266 539 2318 et
550 2252 672 2342 Tyrios
682 2247 764 2342 juga
776 2248 918 2340 perdere
930 2263 1063 2316 montes

224 2357 387 2450 Adspicit:
401 2363 523 2426 armari
535 2360 680 2452 populos
693 2376 825 2442 tamen,
838 2381 1002 2453 armaque
1015 2359 1096 2426 ferri

224 2475 300 2560 lpse
308 2465 406 2561 jubet
419 2469 566 2562 pallens,
582 2468 771 2564 mediaeque
784 2473 818 2537 in
832 2469 968 2538 sedibus
981 2469 1068 2536 anlae
1173 2479 1225 2550 695

223 2577 426 2647 Eumenidas
440 2580 583 2665 subitas,
602 2580 809 2675 flentemque
822 2586 993 2648 Menoecea
1007 2581 1115 2648 cernit

223 2689 411 2773 Turbidus,
423 2694 669 2786 impositosque
681 2696 770 2784 rogis
784 2691 933 2786 gaudere
945 2691 1113 2782 Pelasgos,

270 2805 352 2886 Quis
365 2802 429 2869 fuit
440 2800 496 2869 ille
508 2803 594 2888 dies,
610 2821 702 2871 tanto
716 2829 821 2897 quum
834 2805 998 2895 sanguine
1010 2800 1137 2869 Thebis

213 3005 274 3057 660.
293 3009 584 3079 Regemquecnrenlam
597 3009 680 3061 Desti-
760 3007 821 3060 688.
845 3007 982 3059 llenidens.
1003 3007 1070 3058 Cum
1091 3000 1229 3058 iracundia

179 3095 262 3138 luunt.
286 3087 373 3138 Creon
400 3085 555 3138 autumabat
579 3105 606 3138 se
630 3085 680 3138 illis
725 3087 874 3140 subridens.
893 3087 1021 3139 Lsoranr.

179 3178 287 3216 mortem
310 3183 360 3235 pro
383 3183 481 3236 magno
506 3164 576 3217 malo
600 3165 679 3232 dare,
760 3167 822 3236 689,
841 3167 1013 3219 Documenta.
1031 3166 1156 3238 Exempla
1173 3185 1229 3240 quar

177 3244 354 3316 sperabntque
362 3245 480 3295 laturum
488 3283 495 3309 ,
504 3258 533 3295 ut
542 3257 613 3296 metu
624 3247 680 3315 ejus
725 3249 751 3298 in
763 3248 845 3298 victos
856 3246 1002 3312 edidimus,
1016 3266 1082 3318 quos
1092 3243 1230 3319 prohibui·

177 3325 292 3395 graviter
314 3326 414 3374 misera
435 3325 625 3375 cruciarentur.
647 3325 682 3375 At
727 3343 786 3376 mus
799 3325 912 3396 sepeliri.
931 3327 1059 3378 Lacrsnr.

177 3401 240 3464 itlae,
254 3403 416 3452 conscientia
436 3404 534 3471 egregii
548 3404 612 3453 facti
629 3423 683 3455 ere·
761 3405 823 3473 692.
843 3403 896 3456 Lex
914 3405 1002 3456 eadem
1024 3405 1103 3456 victis.
1116 3429 1127 3451 ι
1145 3404 1228 3456 Dixit.

178 3494 239 3546 cte,
253 3493 279 3532 et
294 3479 400 3531 viriliter
412 3484 617 3552 comprimentes
632 3483 682 3534 do·
730 3483 847 3536 nMelior
865 3483 943 3536 lectio
959 3487 986 3537 in
1005 3487 1107 3556 optimo
1124 3482 1231 3556 alioque

178 3558 682 3632 lorem,destitueruntexspectationem
728 3561 834 3614 codice:
852 3563 930 3614 Dicit.
943 3587 954 3609 ι
971 3563 1067 3614 Bsarn.
1081 3561 1123 3613 Sic
1141 3575 1166 3612 et
1182 3561 1231 3612 Be-

179 3643 291 3712 tyranni.
311 3641 430 3692 Gaonov.
727 3642 795 3694 hott.
813 3660 835 3707 1,
855 3660 879 3694 2.
895 3673 931 3682 -
948 3643 1012 3714 lieg.
1029 3641 1049 3694 li
1066 3639 1147 3693 habet
1161 3637 1231 3692 hanc

166 3717 167 3720 ’
214 3719 275 3770 682.
286 3720 374 3771 Hamis
383 3720 583 3771 insontisoliroe.
591 3719 682 3792 Legati
726 3722 786 3775 leet.
797 3723 861 3791 lleg.
875 3722 897 3772 C
910 3735 1036 3774 nostram.
1054 3721 1101 3772 En.

180 3800 249 3850 enirn
262 3816 364 3850 ramum
377 3798 451 3849 olivae
463 3799 593 3852 ferebant.
763 3801 824 3871 696.
846 3802 1006 3852 Eumenidas
1020 3801 1123 3853 subitas.
1149 3801 1232 3850 anon

214 3877 276 3942 684.
302 3877 333 3928 G.
351 3877 377 3948 s.
400 3879 565 3950 nintiuruque
585 3899 686 3933 memor
729 3881 899 3951 estoptimus
917 3897 999 3932 sonus
1018 3878 1115 3930 horum
1134 3877 1231 3931 verbo-

179 3957 343 4021 mandantis,
358 3969 384 4008 et
397 3959 489 4029 ipsum.
501 3961 568 4010 Dan.
585 3979 687 4014 memor
729 3979 786 4011 rum
797 3981 803 4010 τ
814 3960 974 4012 Eumenidas
982 3961 1073 4013 subitas
1079 3982 1087 4020 ,·
1098 3977 1147 4010 nec
1155 3957 1231 4010 video

179 4034 491 4088 mandatis-Nimiam
505 4057 685 4091 memorman·
731 4053 819 4092 tamen
841 4040 987 4112 quidquam
1010 4041 1178 4090 immutaris
1206 4037 1233 4088 li·

180 4114 273 4166 dantis.
291 4113 331 4164 De
343 4132 391 4164 sao
405 4119 482 4166 etiam
497 4135 552 4168 rem
570 4137 685 4189 augens,
731 4119 816 4171 bris·
836 4121 931 4170 Btnru.
946 4149 982 4158 -
995 4115 1157 4170 Eumenidas
1168 4117 1234 4170 suhi·

181 4208 210 4247 ut
228 4213 261 4245 eo
278 4195 362 4263 major
377 4196 515 4247 accederet
533 4199 685 4269 imperatori
731 4211 781 4264 tas,
793 4211 842 4250 etc.
854 4197 936 4266 Quod
944 4211 1001 4250 erat
1011 4216 1089 4250 omen
1100 4198 1234 4250 infaustis·

181 4295 230 4328 suo
241 4271 364 4343 dignitas.
377 4275 435 4325 Vct.
447 4273 533 4327 Schol.
731 4279 833 4329 simum.
