3256 5160
386 515 450 579 512

590 514 624 576 P.
652 503 870 584 P.'STAT11
896 452 1256 576 ACHthElDOS·

431 644 544 710 Litora
555 667 561 707 :
573 657 741 710 monstrnt
751 643 832 723 iter,
846 656 986 734 totoque
999 638 1174 708 effulserat
1186 639 1269 708 orbe

1363 615 1367 647 l

431 752 595 846 Cynthia:
609 752 828 845 prosequitur
842 753 977 838 Divom,
991 749 1186 845 celeresque
1200 775 1358 820 recursus

432 869 575 934 Securus
590 863 700 957 pelagi
710 862 836 932 Chiron
848 879 958 954 roget,
975 861 1111 958 udaque
1124 863 1211 931 celat
1300 948 1304 954 ῃ

432 978 594 1058 Lumina,
608 992 642 1041 et
652 974 810 1068 abreptos
824 974 936 1042 subito
946 970 1157 1068 jamjamque
1170 973 1312 1044 latentes

432 1095 553 1158 ΕΓΘΟῘΟ
565 1104 758 1181 prospectat
770 1111 874 1181 eqilO,
891 1110 958 1180 qua
970 1109 1055 1154 calla
1068 1111 1252 1179 parumper

1391 1101 1442 1155 235

432 1205 597 1295 Spumant
610 1201 703 1290 signa
717 1198 821 1290 fugae,
837 1213 871 1267 et
881 1197 1012 1292 liquido
1024 1199 1111 1288 perit
1123 1197 1231 1264 orbito
1243 1214 1358 1290 ponto.

433 1310 535 1379 Illum
548 1334 617 1378 non
632 1306 715 1376 alias
728 1308 919 1378 rediturum
935 1307 979 1376 ad
990 1307 1154 1376 Thessala
1166 1312 1295 1401 Tempe

433 1427 509 1488 lem
520 1423 624 1489 tristis
637 1417 778 1500 Pholoe,
787 1417 858 1512 jam
872 1419 1011 1488 nubilus
1023 1421 1163 1512 ingemit
1174 1417 1322 1515 chrys,'

434 1538 475 1600 Et
488 1534 600 1600 tennis
613 1531 791 1624 Sperchios
803 1533 919 1625 aquis,
933 1529 1165 1624 speluncaque
1176 1528 1266 1598 docti

387 1773 475 1816 essent
485 1757 636 1830 subjungin
645 1757 736 1812 Thetis
746 1760 816 1811 enirn
826 1770 894 1810 tace·

387 1858 415 1892 re
421 1841 545 1908 jusserat.
565 1839 720 1888 Mirontnr.

425 1918 485 1970 23ι.
501 1918 532 1968 L.
548 1935 584 1968 m.
602 1917 620 1967 i.
636 1927 740 1987 totoque
757 1913 896 1986 effulserat

387 1997 454 2050 orte.
469 1997 652 2050 uConcinnius
664 2009 757 2046 vetuo:
775 1993 895 2068 effnlpu·

387 2089 428 2130 rat
436 2078 504 2129 orbe.
515 2101 526 2124 ι
541 2077 619 2128 nens.
634 2097 645 2121 a
656 2075 751 2126 Melior
763 2077 895 2146 scriptura

388 2155 600 2208 membranarum
611 2165 636 2206 et
647 2151 812 2206 reducenda:
824 2172 895 2205 neon·

386 2247 450 2289 strat
463 2237 525 2296 iter,
544 2246 649 2308 totoque
665 2233 820 2308 adfnlpurnt
835 2236 895 2286 orbe

390 2315 512 2385 Cynthia.
524 2316 640 2366 Omnino
654 2317 690 2366 sic
703 2315 806 2384 scripsit
816 2315 895 2384 Papi·

388 2397 456 2448 nius.
469 2417 480 2440 ι
494 2396 591 2446 Βιιιτιι.
602 2422 637 2432 -
646 2395 710 2463 Reg.
723 2395 742 2444 B
752 2393 845 2458 habet,
856 2405 895 2446 to·

388 2484 465 2546 toque
478 2472 626 2546 effnlpurat
642 2473 718 2532 orhe,·
735 2473 797 2541 [leg.
813 2474 896 2524 Cno-

388 2567 469 2606 ttrarn
482 2553 542 2604 lect.
555 2553 600 2602 Eo.
612 2552 774 2623 -Totoqne
784 2551 896 2624 effulse-

389 2647 429 2686 rat
439 2635 504 2686 orie.
517 2632 548 2684 ld
558 2646 610 2696 est,
621 2631 796 2704 plenilunium
807 2647 870 2684 erar.

426 2714 485 2766 232.
508 2712 630 2784 Cynthia.
650 2713 723 2764 Luna
739 2713 776 2764 ric
794 2712 895 2764 dictae

364 2817 367 2823 ·
388 2793 492 2866 Cyntho
505 2807 595 2844 monte
604 2792 676 2858 Deli,
687 2791 733 2844 uhi
747 2795 801 2844 nati
813 2793 897 2865 Apol·

389 2871 415 2924 lo
432 2885 457 2924 et
474 2871 568 2922 Diona.
587 2873 690 2922 Marna.
706 2900 743 2912 ·-
759 2871 896 2942 Prosequi-

389 2960 439 3002 tur.
455 2951 545 3002 Refert
557 2947 609 3002 hoc
622 2949 656 3000 ad
668 2947 825 3014 Chironem,
841 2969 895 3000 non

388 3029 422 3084 ad
435 3031 553 3093 Lunam,
570 3043 599 3080 ut
619 3032 666 3092 sit,
684 3028 784 3081 Chiron
800 3048 895 3100 prose·

389 3113 488 3184 quitur.
500 3140 537 3151 -
549 3110 674 3164 Recursus
688 3120 769 3183 repat.
789 3109 818 3162 ld
840 3123 895 3176 est,

389 3205 418 3244 ut
431 3193 484 3242 cito
497 3190 530 3242 ed
544 3209 572 3244 se
587 3189 686 3242 redeat.
700 3190 823 3241 Bnrrrnn.

426 3271 486 3324 233.
508 3271 618 3322 Securus
633 3268 724 3342 pelopi
741 3268 840 3322 Chiron
859 3288 898 3322 ro·

386 3361 442 3425 pot.
460 3349 556 3402 Chiron
572 3361 648 3402 rotat.
668 3351 726 3420 l‘ut.
745 3377 777 3388 -··
795 3352 858 3420 ling.
878 3351 898 3400 B

388 3428 489 3499 praebet
502 3427 573 3480 hanc
584 3429 642 3480 lect.
659 3431 722 3499 lteg.
738 3429 759 3480 C
770 3442 896 3480 nostram.

390 3509 435 3560 En.
449 3539 483 3547 -
493 3510 601 3561 Securus
611 3506 710 3580 pelopi.
723 3506 751 3558 ld
765 3521 803 3559 est
812 3546 821 3573 ‚
831 3505 897 3558 nihil

390 3589 482 3640 timens
493 3605 575 3652 more,
582 3606 663 3658 quum
670 3586 767 3638 illudio
777 3585 896 3638 Thetidis

390 3681 521 3740 potestate
533 3670 575 3718 sit.
587 3697 621 3706 -
635 3668 691 3719 Uda
703 3667 814 3718 lentina.
825 3668 898 3719 Ocu·

388 3749 430 3812 los
448 3763 474 3800 et
487 3749 609 3801 lacrimas
624 3747 780 3800 dissimulat.
794 3749 865 3798 Burr.

427 3828 487 3896 234.
506 3828 635 3895 Lumina,
649 3839 675 3878 et
687 3828 804 3899 abreptos
815 3827 897 3880 subito

382 3915 564 3986 jamjamque
580 3911 698 3964 latentes.
715 3907 793 3960 Aldd.
809 3908 895 3960 Colin.

390 3994 474 4046 Plant.
488 4007 513 4046 et
524 3990 646 4044 nonnulli
658 3989 736 4043 codd.
747 4001 772 4041 et
781 3991 899 4061 abreptos

389 4073 485 4136 eculin·
499 4074 562 4126 Exc.
574 4075 653 4142 Burg.
666 4073 818 4140 etnbreptos
830 4071 899 4124 suhi·

390 4157 478 4226 tojam
489 4171 614 4226 aramque
623 4151 739 4204 latentes.
750 4151 844 4203 Coeteri
854 4170 897 4202 re·

389 4251 420 4283 ro
430 4231 509 4285 codd.
521 4229 616 4284 etedd.
628 4244 658 4283 ut
669 4232 697 4284 in
710 4243 780 4284 textu
794 4244 896 4283 nostro.

977 1757 1036 1810 235.
1052 1758 1144 1810 Erecto
1156 1765 1302 1829 prospectat
1313 1775 1388 1829 equo.
1401 1755 1445 1806 sn.-

938 1834 1116 1908 Epithalamio
1127 1835 1225 1900 Stella,
1235 1834 1296 1887 Silv.
1307 1837 1332 1901 l,
1344 1853 1368 1894 2,
1380 1834 1446 1899 orii,

939 1918 1028 1984 Qunrn
1053 1915 1149 1968 Thetin
1178 1917 1320 1968 Homoniis
1346 1913 1445 1966 Chiron

940 1997 1066 2049 accedere
1090 1999 1166 2050 terris
1189 1998 1285 2049 Erecto
1309 1999 1446 2068 prospexit

940 2093 1041 2148 equom
1057 2078 1183 2128 Pietatem
1197 2075 1321 2128 Chironis
1340 2076 1445 2146 expres·

941 2158 974 2207 sit
984 2158 1028 2227 qni
1041 2153 1199 2227 discipulum
1212 2155 1354 2208 abeuntem
1367 2174 1447 2226 qnam

940 2236 1022 2308 longo
1038 2240 1126 2309 potuit
1142 2239 1199 2290 risu
1219 2252 1259 2290 est
1279 2226 1446 2309 prosecutus.

939 2318 1062 2369 Borrrrn.

977 2400 1038 2467 237.
1055 2398 1178 2452 Thessala
1191 2398 1297 2470 Tempe.
1309 2399 1396 2450 Locus
1409 2408 1448 2448 eat

940 2479 1009 2530 inter
1020 2479 1117 2530 Ossern
1129 2491 1154 2530 et
1165 2477 1307 2550 Olympum
1320 2494 1447 2546 passuum

941 2559 1059 2629 quinque
1072 2556 1181 2610 millium
1195 2555 1385 2629 longitudinis:
1399 2575 1449 2627 per

941 2636 1056 2688 medium
1071 2639 1172 2688 Peneus
1193 2635 1317 2687 discurrit
1335 2653 1351 2685 ιι
1371 2633 1449 2684 Pindi

940 2715 1075 2786 profluens
1085 2713 1233 2779 radicibus,
1243 2715 1361 2783 gramine
1371 2711 1449 2763 vesti-

941 2795 973 2844 tis
986 2791 1161 2864 marginibus,
1176 2793 1319 2861 ariumque
1333 2809 1450 2842 concen-

942 2885 985 2936 tu,
998 2885 1024 2922 et
1036 2871 1199 2922 calculorum
1212 2889 1394 2942 aquarumque
1406 2887 1450 2920 so·

941 2954 998 3004 nitu
1015 2971 1199 3022 peroremus,
1219 2972 1269 3004 nec
1288 2952 1354 3004 elius
1373 2951 1450 3002 locus

941 3043 996 3096 est,
1016 3033 1091 3101 eujus
1113 3032 1289 3082 smoenitntem
1309 3042 1450 3100 tantopere

940 3109 1050 3162 laudent
1065 3125 1158 3181 poetro.
1173 3112 1328 3162 lilrrunrsr.
1339 3109 1450 3162 -Vide

941 3207 1002 3260 pag.
1016 3189 1080 3257 241,
1092 3203 1156 3240 ιοιιι.
1168 3191 1178 3238 l
1191 3191 1254 3242 Stnt.
1269 3201 1338 3240 nost.
1351 3190 1398 3240 En.

979 3271 1038 3321 238.
1056 3269 1165 3320 Pholoe.
1173 3269 1241 3320 Vide
1254 3286 1336 3338 supra
1348 3287 1373 3320 v.
1389 3265 1448 3318 165.

943 3380 975 3390 -
989 3349 1091 3420 Othrys.
1108 3352 1184 3402 Mons
1197 3349 1355 3402 editissimos
1365 3347 1451 3402 Thea-

943 3431 1019 3484 salin.

980 3511 1040 3580 ²39·
1061 3511 1098 3562 Et
1116 3511 1200 3562 tenuis
1215 3508 1351 3582 Sperchios
1366 3507 1449 3579 aquis.

942 3592 999 3642 Nee
1016 3591 1099 3643 tennis
1112 3589 1191 3640 codd.
1209 3591 1351 3649 Bernartii;
1364 3590 1399 3640 Er
1409 3607 1452 3640 se-

944 3669 1003 3722 nior
1020 3674 1077 3722 l‘ut.
1096 3671 1130 3721 Et
1152 3669 1233 3722 tennis
1251 3672 1277 3720 in
1296 3670 1451 3720 ceteris.—

942 3752 1006 3819 llefl.
1023 3754 1042 3802 ll
1055 3747 1150 3814 haber,
1165 3751 1201 3801 Et
1214 3751 1299 3802 senior
1311 3748 1452 3821 Spercheos

942 3831 1024 3901 aquis.
1038 3832 1101 3898 [leg.
1117 3829 1138 3880 C
1151 3843 1269 3880 nostram
1283 3827 1344 3880 lect.
1357 3829 1402 3880 Eo.
1412 3856 1452 3866 -

942 3908 1085 3982 Sperchios.
1107 3907 1217 3962 Fluvios
1237 3905 1392 3972 Thessalica,
1415 3906 1452 3958 de

944 4007 998 4059 quo
1020 4008 1109 4060 snpra.
1128 4017 1165 4028 -
1184 3987 1289 4040 Tenuis.
1311 3985 1452 4040 Desiderio

943 4067 1041 4121 scilicet
1053 4067 1178 4120 Achillis:
1193 4086 1254 4120 nam
1267 4085 1348 4138 snpra
1357 4066 1391 4120 de
1404 4085 1453 4118 eo·

943 4146 1003 4200 dem
1027 4145 1154 4218 Sperchio
1178 4146 1298 4198 dixerat:
1322 4147 1452 4218 elatoque

943 4231 1003 4284 lleae
1021 4227 1164 4300 Sperchios
1180 4227 1299 4284 abundat
1313 4227 1425 4284 Obvius.
1438 4253 1450 4274 ι
