3284 5162
591 493 733 557 LIBER
757 493 819 558 Xl.
1161 497 1222 563 381

229 625 304 688 Non
316 622 471 702 comites,
484 643 554 688 non
565 619 653 688 ferre
664 621 747 714 ipsae
761 622 901 715 vestigia
912 637 1001 689 natae

228 736 334 825 AEqua
346 730 478 799 valent:
493 745 625 798 tantum
637 734 769 800 miserae
780 727 879 798 dolor
891 731 1030 801 ultimus
1043 731 1136 801 addit

229 840 360 922 Robur,
374 857 407 907 et
418 864 603 933 exsangues
616 838 820 908 crudescunt
830 841 977 911 luctibus
989 845 1080 910 anni.

228 953 371 1045 Jamque
383 950 486 1017 decus
499 949 618 1042 galeae,
625 945 697 1041 jam
709 949 839 1042 spicula
852 974 940 1018 saeva
951 950 1076 1044 ligabat

229 1065 371 1142 Ductor,
382 1059 467 1127 etad
476 1059 576 1128 lituos
587 1059 991 1156 hilarem,trepidu1uque
999 1063 1157 1132 tubarum
1174 1075 1227 1130 325

229 1172 453 1265 Prospiciebat
465 1195 608 1266 equum;
622 1171 733 1240 subito
745 1195 851 1266 quum
862 1177 1019 1266 apparuit
1029 1177 1147 1267 ingens

230 1286 354 1363 Mater,
367 1298 400 1350 et
410 1285 482 1374 ipse
494 1298 603 1362 metu,
616 1280 850 1375 famulumque.
862 1281 1025 1375 expalluit
1035 1288 1145 1353 omnis

229 1399 357 1476 Coetus,
370 1411 404 1462 et
414 1393 560 1463 oblatam
573 1409 663 1460 retro
675 1392 768 1461 dedit
779 1397 922 1486 armiger
934 1395 1075 1464 hastam.

282 1507 389 1591 «Quis
401 1505 517 1573 furor?
529 1502 619 1571 unde
632 1506 753 1571 iterum
768 1507 860 1596 regni
872 1507 1036 1599 integrata
1047 1511 1193 1602 resurgit

229 1617 485 1706 Eumenisiipsi
497 1617 597 1680 etiam
609 1630 686 1706 post
697 1617 991 1696 omnia,cominus
1003 1619 1066 1711 ipsi
1174 1630 1228 1685 330

229 1724 380 1792 Stabitis?
392 1747 498 1818 usque
510 1722 595 1791 adeo
607 1725 757 1816 geminas
769 1723 906 1793 duxisse
919 1726 1088 1812 cohortes,

229 1839 270 1904 Et
279 1835 407 1904 facinus
419 1834 596 1902 mandasse
608 1858 730 1926 parum
742 1841 815 1904 est?
827 1861 895 1931 quo
908 1837 1027 1906 deinde
1040 1838 1161 1908 redibit

232 1950 367 2015 Victor?
378 1949 413 2015 in
425 1945 532 2014 hosne
545 1949 660 2014 sinus?
672 1944 768 2014 odiri
780 1945 932 2042 conjugis
945 1948 1026 2017 olim
1063 1946 1066 1952 ’

230 2057 356 2127 Felices
367 2058 533 2128 tenebras!
548 2056 649 2142 datis,
662 2059 815 2149 improba
826 2059 972 2145 lumina,
985 2085 1112 2154 poenas.

184 2223 249 2276 chis.
261 2225 309 2277 Or.
318 2225 381 2276 Met.
390 2227 437 2289 lll,
447 2224 498 2294 725
510 2237 537 2275 ct
546 2241 605 2294 sqq.
614 2223 687 2274 Non·
730 2223 843 2295 dumque
854 2224 935 2296 hang.
951 2225 1028 2277 Laur.
1046 2227 1113 2278 Dan.
1126 2223 1230 2277 Behott.

184 2320 234 2354 nus
246 2317 272 2354 ct
287 2301 339 2354 alii.
349 2303 481 2373 l'raecipue
498 2317 586 2354 autem
604 2313 686 2372 caput
733 2302 893 2369 r,2,a1dd.
909 2304 994 2357 Colin.
1012 2304 1097 2356 Plant.
1114 2304 1190 2356 Crnc.
1204 2317 1232 2355 et

184 2379 328 2432 Pentheos
344 2395 426 2433 matre
438 2381 556 2435 avulsum
570 2380 685 2434 caueba-
729 2382 833 2432 Gerart.
844 2382 1106 2456 trepidamquetscite
1114 2384 1232 2455 reposuit

183 2471 236 2510 tur.
246 2458 322 2511 Ovid.
335 2459 399 2512 Met.
415 2461 462 2522 lll,
475 2457 687 2530 725zuulularit
731 2461 901 2525 Gronovius,
924 2479 1037 2534 eumque
1061 2463 1144 2513 secuti
1169 2474 1232 2513 sunt

184 2539 274 2610 Agave
294 2537 421 2610 Collaque
438 2540 560 2609 jactavit,
579 2539 688 2590 crinem·
731 2541 826 2592 Deum.
842 2553 868 2591 et
880 2543 961 2592 Veen.
974 2571 1008 2580 -
1021 2543 1084 2609 lleg.
1101 2539 1231 2607 ababa,

185 2636 237 2688 que
256 2637 304 2689 per
315 2637 378 2671 aera
394 2617 686 2689 movit,Avulsnrnque
732 2618 939 2691 intrepidumque
963 2620 1097 2681 tubarum
1122 2621 1185 2689 Bag.
1210 2619 1233 2672 C

184 2711 266 2768 caput
284 2697 372 2768 digitis
390 2697 528 2768 complexa
557 2699 687 2763 cruentis,
733 2695 1232 2751 eamdemlcct.En-Ductonllteo·

184 2789 236 2828 etc.
246 2800 257 2822 ι
269 2779 364 2828 Binan.
373 2779 501 2848 -Lyoeo.
517 2775 629 2828 baccho.
732 2775 794 2827 cles.

220 2857 281 2910 321.
292 2860 327 2912 Ν.
338 2877 359 2909 c.
373 2857 501 2928 conferre
511 2860 571 2929 ipsc
581 2859 686 2932 vestigia
766 2853 826 2906 326.
841 2853 1016 2924 Prospiciebat
1026 2873 1130 2926 equum.
1144 2854 1232 2928 Respi-

185 2947 262 2988 natoe.
275 2936 435 2989 Membrana
444 2937 618 3007 Daumserrc
625 2937 684 3007 pta.
730 2935 913 3005 ciebatequum
927 2934 1030 3003 optima
1042 2931 1139 2985 Barthii
1151 2951 1232 2985 mem-

184 3047 221 3058 -
231 3019 296 3090 Reg.
310 3018 419 3070 Rhubet
431 3017 500 3070 hanc
513 3018 573 3070 lect.
586 3020 650 3086 Reg.
665 3017 687 3070 C
730 3013 827 3065 branae.

184 3110 312 3148 nostram.
324 3100 370 3150 Eo.
379 3127 415 3138 -
425 3099 486 3150 Non
494 3097 567 3168 ferre
576 3098 636 3167 ipsc
645 3115 685 3147 ve·
766 3095 827 3162 327.
837 3092 1233 3164 Moratousa-aitpoeta

184 3177 260 3248 stigio
273 3189 349 3229 uatoe.
366 3180 457 3246 Margo
472 3177 565 3245 optimi
577 3187 603 3228 et
615 3192 687 3245 quae-
731 3182 768 3224 tu.
780 3171 847 3223 Vide
860 3169 1080 3241 interpolatorum
1093 3173 1232 3237 insaniam,

185 3255 248 3307 dam
263 3259 290 3308 in
306 3269 431 3308 contextu
446 3255 615 3308 membranae:
633 3272 685 3305 non
730 3251 776 3323 qui
786 3248 1234 3322 eaquehrcviteretelegauterdic·

179 3334 252 3406 ferre
267 3336 319 3406 pia
336 3335 440 3409 vestigia
457 3346 533 3385 nata.
549 3334 604 3384 Nec
619 3334 686 3401 reje·
731 3341 756 3380 ta
776 3343 864 3394 eraut,
883 3329 987 3400 ineptiis
1007 3330 1062 3380 suis
1081 3329 1188 3381 turbare
1207 3341 1233 3381 et

185 3417 285 3480 carim,
306 3415 412 3486 quando
432 3413 476 3466 hic
497 3412 589 3464 melior
609 3430 686 3464 sexus
730 3407 892 3460 contundere
904 3409 961 3459 ausi
976 3419 1045 3459 sunt.
1058 3407 1188 3459 Gnrsuns.

185 3492 448 3566 OEdipiliberornm.
467 3494 586 3546 Gronov.
766 3488 827 3556 329.
842 3489 974 3561 [integrata
988 3487 1103 3559 resurgit.
1118 3488 1155 3538 Ex
1168 3488 1234 3539 inte-

221 3575 282 3626 323.
309 3575 470 3627 Cnsdesctmt.
489 3575 684 3636 Juveoescunt,
729 3587 777 3640 gro
791 3566 909 3620 inchoat.
925 3568 1053 3618 Limina.

186 3665 232 3704 sut
247 3654 312 3704 novi
324 3653 398 3704 liunt.
418 3653 544 3703 Lscrtnr.
765 3647 826 3699 331.
840 3647 866 3698 S.
881 3665 907 3697 a.
920 3665 945 3696 a.
956 3647 1074 3718 geminas
1082 3645 1180 3699 danim
1190 3665 1232 3698 co-

222 3731 282 3784 325.
293 3734 400 3798 Duator,
408 3732 473 3783 etad
481 3729 557 3784 lituos
565 3730 685 3796 hilarem,
732 3728 822 3780 lrortes.
832 3729 859 3778 ln
868 3724 1025 3797 quidusdam
1033 3725 1111 3778 codd.
1118 3726 1234 3779 Barthiu·

186 3811 498 3885 trepidamquetuharum.
510 3812 588 3861 «Duo
597 3808 686 3861 melio·
730 3808 770 3858 nis
780 3806 912 3880 geminos,
925 3807 943 3856 i.
957 3823 979 3856 e.
995 3823 1142 3876 germanos.
1159 3827 1169 3852 a
1181 3805 1232 3858 Sed

186 3909 227 3942 res
239 3889 299 3942 libri
313 3891 407 3943 diserte
422 3891 557 3942 scribunt:
571 3890 686 3940 intremi-
731 3882 795 3935 nihil
810 3881 965 3934 mutandum
980 3882 1089 3935 videtur.
1112 3886 1207 3938 Basra.
1219 3909 1231 3933 ι

185 3970 312 4039 ιήιηιᾳιιι·,ι
323 3989 336 4020 a
349 3969 478 4021 tremendo
489 3969 624 4020 nimirum:
637 3984 686 4017 nec
731 3992 764 4002 -
773 3961 900 4015 Caliortes.
911 3963 1055 4013 Exercitus.

185 4047 286 4118 possim
300 4067 331 4100 ex
343 4045 413 4099 facili
425 4046 549 4097 damnare
561 4042 631 4095 hanc
643 4062 687 4096 vo·
766 4043 827 4110 334.
844 4043 918 4094 Datis
931 4041 1047 4112 improba
1061 4040 1164 4094 lamina
1178 4063 1233 4114 γα·

186 4145 245 4179 cem
256 4125 374 4181 fortassis
385 4129 411 4180 iu
424 4126 543 4198 pluribus
556 4128 686 4199 scriptori·
731 4141 784 4176 aas.
801 4122 901 4174 Oculos
914 4138 977 4172 snos
994 4119 1138 4192 alloquitur
1153 4125 1232 4174 Joca-

186 4206 238 4259 bus
245 4221 408 4279 corruptura.
420 4230 431 4256 ι
442 4205 686 4276 Birra-Intrepi-
730 4219 786 4270 sta,
804 4215 935 4273 vocatque
946 4197 1040 4268 felices
1056 4201 1168 4254 tenebras
1185 4219 1233 4254 seu
