3194 5156
577 498 720 574 mnan
745 498 792 562 u.
1149 497 1209 590 591

207 628 297 711 lbet,
311 644 344 695 et
355 627 428 720 ipsa
439 626 566 694 fretum
577 640 611 692 et
622 647 774 716 puppem
782 620 854 715 jem
866 621 939 692 sola
951 619 1095 694 videbat.

207 738 267 808 llle
280 761 418 833 quoque
432 736 587 830 obliquos
600 733 722 803 dilecta
733 733 777 802 ad
791 736 915 802 moenia
927 734 1042 802 vultus

205 848 375 931 Declinat,
387 846 593 940 viduamque
604 843 762 924 domum,
776 845 989 940 gemitusque
1001 844 1127 916 relicta·

206 961 337 1052 Cogitat
350 985 357 1023 :
372 955 525 1026 occultus
536 955 600 1024 sub
612 953 714 1022 corde
727 957 913 1024 renascitur
924 953 1040 1040 ardor,
1162 969 1214 1026 31⁵

207 1075 340 1164 Datque
352 1067 466 1136 locum
478 1068 584 1133 virtus
600 1091 607 1132 :
624 1066 728 1132 sensit
738 1067 890 1132 Laertius
906 1064 1006 1134 heros

180 1223 183 1232 ·
206 1187 422 1264 Maerentem,
436 1195 470 1246 et
480 1176 622 1270 placidis
634 1197 812 1269 aggressus
825 1173 961 1244 flectere
972 1177 1086 1246 dictis:

211 1321 225 1351 ι
240 1296 351 1371 Tene,
364 1291 489 1383 iuquit,
502 1309 634 1380 mugnae
646 1301 795 1354 vastator
806 1283 917 1354 debite
929 1284 1055 1381 Trojae,

206 1407 316 1489 Quem
329 1404 454 1468 Danaae
466 1397 608 1480 classes,
621 1419 723 1490 quem
737 1397 861 1464 Divum
877 1395 1013 1466 oranda
1024 1415 1186 1491 poscunt,

207 1516 434 1606 Erectumque
446 1523 561 1578 manet
573 1523 722 1577 reserato
736 1505 851 1576 limine
864 1507 1009 1593 bellum,
1163 1525 1215 1579 320

206 1622 336 1692 Callida
346 1623 493 1694 femineo
505 1624 647 1715 genitrix
660 1619 784 1690 velavit
793 1623 940 1692 amictu?

159 1883 276 1956 pensiles'
289 1903 345 1956 qnae
362 1883 435 1936 domi
455 1901 588 1955 suspense
605 1899 666 1934 eon·
710 1901 735 1935 v.
746 1879 813 1953 475:
830 1882 1019 1935 «unumillum
1026 1883 1136 1936 Teucris
1147 1885 1216 1938 Prie·

160 1980 312 2030 rer-rantur,
330 1979 357 2017 et
374 1964 446 2017 horti
464 1963 599 2035 pensiles,
622 1965 668 2036 qui
710 1981 810 2034 meque
821 1961 968 2035 loquuntur
981 1963 1130 2016 Fatalem·
1146 1966 1215 2018 Nem

160 2043 291 2096 columnis
300 2044 358 2096 fulti
368 2045 395 2096 in
404 2063 465 2096 aere
473 2057 533 2096 sunt
544 2045 666 2096 extructi.
710 2040 756 2111 (ut
770 2042 900 2114 diximus)
915 2044 997 2113 Troja
1014 2045 1075 2114 capi
1092 2061 1146 2096 uon
1165 2064 1216 2117 po-

15 2115 19 2138 ”
132 2125 314 2196 ,-Coujux.
327 2123 474 2175 Deidamia.
486 2125 613 2176 Barrtrr.
711 2137 779 2178 teret
794 2125 902 2178 absente
913 2123 1021 2178 Achille.
1034 2127 1156 2179 Banasa.

196 2203 258 2254 312.
272 2203 347 2268 Ibat,
359 2213 385 2254 et
394 2201 449 2274 ipse
455 2202 557 2274 fretum
568 2214 592 2254 et
602 2221 669 2275 pup-
748 2205 809 2274 319.
831 2206 913 2276 Quem
928 2207 1029 2258 Danae
1041 2204 1139 2259 elueret.
1154 2207 1218 2258 Pro·

158 2299 219 2354 pem
228 2281 288 2351 jam
304 2277 360 2332 sola
376 2278 486 2332 videbat.
504 2282 533 2332 ln
551 2281 614 2350 Req.
629 2281 668 2330 iu·
712 2296 771 2355 pter
783 2282 824 2335 id=
839 2284 990 2337 ·0mni·in
1004 2283 1142 2339 absentem
1153 2283 1218 2340 belli

160 2361 273 2410 venitur.
290 2359 350 2410 Ibat
367 2368 392 2409 el
407 2358 460 2430 ipse
470 2359 542 2430 freto
560 2371 584 2410 et
598 2376 669 2431 pup-
712 2381 807 2418 manus
822 2363 897 2418 ardet
915 2364 1053 2418 Achillem.
1065 2389 1077 2413 ι
1094 2368 1217 2418 Barrtrn.

160 2455 221 2509 pem
231 2437 291 2509 jam
307 2434 360 2489 ecla
377 2436 486 2488 uidebat.
500 2439 546 2488 En.
561 2465 597 2476 -
610 2437 668 2488 Ibat
750 2442 810 2496 320.
821 2443 997 2514 Erectumque
1008 2455 1099 2498 manet
1110 2457 1217 2499 mmm

160 2529 185 2572 et
200 2518 254 2590 ipse
263 2517 374 2590 fretum.
388 2515 418 2568 ld
428 2531 482 2583 est,
495 2537 545 2590 per
555 2519 668 2583 fretum,
714 2521 807 2575 limine
818 2520 923 2576 bellum.
936 2526 1000 2594 fleg,
1014 2523 1141 2589 Rhebae,
1156 2526 1218 2578 Ere-

160 2597 256 2670 puella·
280 2598 438 2649 immensum
464 2616 525 2668 erga
544 2599 668 2650 maritum
713 2617 833 2677 eramque
853 2617 943 2658 manet
962 2617 1071 2658 reserato
1088 2606 1115 2658 ίη
1135 2604 1219 2659 limite

161 2696 278 2729 amorem
298 2677 475 2748 significavit,
501 2697 559 2751 que
583 2678 668 2732 oculis
714 2682 920 2738 bellum.En.-
934 2685 1219 2741 Enetum-lemanem·

161 2769 215 2808 tam
229 2757 337 2808 intentis
350 2777 443 2809 navem
457 2758 623 2828 intuebatur,
638 2771 668 2810 ut
713 2775 797 2814 tatum
808 2777 834 2814 et
844 2777 1007 2833 susceptum.
1018 2792 1054 2804 -
1064 2766 1159 2816 Manet
1171 2766 1220 2816 lle·

163 2850 188 2890 et
198 2839 255 2909 ipse
268 2835 318 2888 sihi
329 2838 453 2908 navigare
463 2838 668 2892 videretur.Bru·
713 2855 812 2912 pectet.
827 2842 980 2895 -Lr'me'ne
1006 2854 1124 2896 reserato.
1143 2845 1178 2896 Ut
1197 2845 1219 2894 si

161 2935 236 2970 reus.
247 2947 282 2957 —
291 2915 363 2970 Sola.
380 2919 433 2968 Prae
445 2936 546 2970 amore.
714 2920 801 2986 dieat,
814 2923 913 2972 ceteris
927 2923 983 2991 jem
999 2922 1102 2992 paretis
1117 2921 1151 2974 ad
1164 2935 1220 2976 ten-

198 2998 260 3051 316.
282 2997 387 3069 Datque
408 2993 504 3048 locum.
520 2997 611 3050 Amori
627 2995 669 3050 lc-
714 3014 769 3052 tam
785 3018 851 3050 rem.
868 3001 992 3070 Respexit
1012 3013 1099 3055 autem
1114 2999 1151 3052 ad
1166 3001 1220 3052 llo·

162 3095 223 3130 enm
234 3074 318 3142 cedit,
328 3075 669 3130 remittitur.—Virturaui-
715 3097 854 3132 manorum
868 3079 1105 3146 consuetudinem,
1116 3081 1163 3151 qui
1177 3081 1219 3132 in-

162 3159 270 3209 mositas
285 3170 311 3208 et
323 3157 397 3211 furor
415 3169 561 3226 conceptus
576 3169 669 3208 ‹tentra
715 3153 787 3211 dicto
800 3155 871 3208 bello
884 3157 954 3210 etad
966 3157 1056 3211 hostes
1067 3171 1218 3228 pergentes,

162 3237 301 3306 Troianos.
323 3237 479 3288 Mirantur.
497 3264 533 3274 -
552 3236 670 3288 laertius
714 3249 819 3307 portam
835 3235 897 3288 adis
914 3239 974 3289 lani
991 3237 1162 3304 reserabant,
1177 3257 1221 3297 ue-

163 3315 243 3368 heros.
257 3315 355 3368 Ulixes.
714 3331 767 3385 que
774 3328 867 3384 postea
876 3316 925 3366 uisi
935 3313 1006 3368 bello
1015 3316 1140 3370 coniecto
1151 3315 1221 3370 elau·

199 3394 260 3465 ³¹7·
273 3397 437 3448 Maerentem.
448 3395 595 3447 Haerentem
606 3396 668 3448 Exc.
714 3392 843 3456 debatur;
853 3393 923 3446 uude
934 3407 973 3446 est
982 3391 1048 3446 illud
1057 3395 1148 3465 virgil.
1159 3397 1218 3448 AEn.

162 3476 240 3548 Burg.
262 3487 287 3526 et
305 3473 383 3526 codd.
403 3471 500 3538 Tollii;
518 3491 596 3546 quem
610 3473 669 3526 vide
714 3472 740 3538 l,
753 3473 813 3542 294.
830 3471 1015 3526 -cuudentur
1026 3473 1090 3526 belli
1103 3488 1217 3545 portae,-

162 3556 197 3609 ed
212 3559 312 3608 Auson.
326 3575 353 3626 p.
368 3555 428 3625 369.
714 3553 754 3604 De
766 3551 818 3604 hoc
830 3553 986 3618 Suetonius,
996 3553 1115 3620 Servius,
1124 3567 1153 3606 et
1162 3555 1221 3612 Ovi·

200 3636 262 3689 318.
279 3633 306 3686 V
303 3644 401 3688 ertator
412 3633 504 3686 debite.
517 3634 583 3686 lllira
600 3634 672 3688 ealli-
702 3631 774 3690 ‚dius
789 3634 816 3684 iu
828 3633 914 3686 Fastis
927 3634 990 3684 suis.
1034 3672 1040 3686 .

162 3715 245 3770 ditate
263 3717 386 3768 virtutem
406 3716 461 3786 ejus
483 3712 584 3766 extollit
598 3713 670 3767 indi·
750 3715 813 3767 321.
835 3717 861 3768 C.
873 3714 899 3786 f,
914 3716 1028 3788 penitrix
1042 3716 1138 3768 velavit
1152 3717 1221 3769 ami·
1287 3747 1291 3756 ·

162 3813 245 3868 prium
262 3814 318 3848 esse
336 3794 494 3859 ostendeus,
511 3806 614 3845 tantum
627 3796 670 3864 ju·
715 3805 767 3846 ctu.
781 3795 845 3865 Bag.
861 3795 879 3844 B
895 3793 989 3859 habet,
1005 3797 1120 3868 genitrix
1135 3796 1221 3851 viula-

162 3892 257 3926 vanem
283 3876 352 3926 iuter
378 3873 502 3926 mulieres
531 3872 670 3941 desidere,
717 3874 754 3926 eit
767 3873 877 3928 amictu.
890 3875 1126 3930 En—Femiaeo.
1138 3877 1222 3944 Quasi

164 3955 255 4024 sicque
278 3954 395 4005 animum
423 3955 480 4023 ejus
501 3971 516 4003 a
543 3954 672 4005 memoria
706 3951 808 4018 dicat,
833 3954 966 4006 commisit
987 3965 1089 4006 tanturn
1115 3954 1221 4018 scelus,

163 4031 307 4085 Deidamiae
333 4051 459 4085 revocant
478 4051 540 4084 eum
563 4031 598 4084 ad
617 4031 673 4086 bel·
717 4028 792 4103 quod
805 4030 885 4084 vellet
899 4044 928 4084 ut
947 4045 1000 4082 tam
1016 4032 1090 4086 foui·
1106 4035 1145 4084 vir
1158 4032 1221 4086 late·

164 4110 219 4164 lum
232 4111 386 4164 inflammat.
399 4144 434 4154 -
447 4113 569 4166 Variatur
579 4111 671 4166 debite.
716 4122 773 4175 ret,
790 4124 816 4162 et
830 4110 885 4164 haec
899 4111 979 4164 verba
995 4110 1057 4179 dat,
1074 4125 1104 4164 ut
1122 4125 1222 4166 avertet

165 4191 305 4245 Destinate
315 4192 392 4258 latis,
403 4191 473 4246 unde
483 4192 614 4262 superiori
625 4191 670 4244 lib.
717 4189 836 4242 animum
846 4207 862 4242 a
873 4208 985 4242 mterore
994 4204 1136 4262 concepto.
1151 4193 1221 4244 Mer.
