3194 5156
555 555 699 620 LIBER
724 555 772 620 11.
1123 555 1182 624 561

180 702 251 741 cum
264 680 383 760 ingenti
395 679 488 740 classe
498 679 587 740 ivisse
598 681 754 762 Spartam,
767 691 950 762 raptamque
958 679 1109 742 Helenam
1118 683 1191 742 Tro-

176 778 241 863 jam
258 777 436 838 abduxisse:
450 777 522 838 inde
535 777 673 854 Graecos,
684 775 766 859 justo
777 776 886 838 dolore
896 797 1056 852 accensos,
1073 779 1189 840 bellum

178 874 322 958 Trojenis
340 874 551 952 denuntiasse3
571 875 740 958 335-371.
762 878 878 938 Heroes
892 874 1043 939 Achillem
1056 879 1191 940 vicissim

180 988 310 1055 rogant,
330 971 388 1032 sibi
400 972 528 1048 diceret,
543 993 612 1056 quae
629 972 693 1054 ejus
707 973 846 1055 puerities
863 974 1036 1055 primordie
1050 972 1192 1054 fuerant,

180 1071 294 1152 quibus
308 1069 574 1130 exercitationibus
593 1067 658 1151 ejus
672 1091 782 1152 corpus
796 1070 1044 1132 corroboraverit
1057 1071 1193 1149 Chiron,

91 1149 92 1163 l
181 1169 356 1251 quibusque
383 1167 554 1250 disciplinis
587 1169 728 1228 animum
757 1166 978 1249 ingeniumque
1009 1169 1192 1246 excoluerit3

182 1269 351 1350 372-380.
368 1266 476 1344 Quod,
495 1287 618 1330 summe
636 1289 708 1328 cum
724 1265 891 1342 modestia,
908 1265 1039 1329 Achilles
1057 1272 1193 1352 exsequi-

182 1379 251 1439 tur,
266 1364 435 1439 381-453.

1044 1427 1049 1460 l

191 1773 338 1894 dinone
350 1837 412 1907 per
424 1818 551 1905 AEgaeos
564 1810 632 1878 ibet
643 1814 775 1878 Laertia
785 1808 910 1878 fluctus

191 1927 332 2018 Puppis,
346 1940 379 1992 et
390 1927 577 1992 innumerae
589 1921 765 1989 mutabant
776 1920 938 2015 Cyclades
952 1945 1062 2005 aurae3

190 2041 266 2104 Jam
281 2040 398 2117 Paros,
410 2033 618 2129 Olearosque
632 2029 755 2113 latent3
767 2029 838 2125 jem
853 2031 983 2098 reditur
994 2030 1062 2099 alte

191 2147 356 2226 Lemnos,
371 2159 404 2213 et
415 2169 435 2212 a
446 2161 541 2236 tergo
555 2142 720 2212 decrescit
730 2137 890 2220 Bacchica
905 2147 1032 2226 Naxos,

184 2349 206 2383 r.
218 2334 332 2405 Jamque
341 2349 391 2402 per
398 2331 501 2403 AEqoeos
510 2331 564 2382 ibet
572 2330 645 2382 Laer-
690 2346 748 2398 queo
756 2328 818 2380 siue.
827 2329 906 2380 Paros
914 2343 1001 2394 sutem
1011 2329 1125 2402 lapidem
1136 2351 1198 2404 pro-

146 2411 292 2488 tiasluetsu.
303 2412 365 2484 Reg.
377 2413 396 2462 B
406 2409 516 2481 praebet,
528 2411 554 2462 J.
563 2430 592 2483 p.
602 2412 646 2462 AE.
692 2405 766 2460 ducit
780 2426 858 2479 quem
873 2409 976 2460 Parium
994 2409 1144 2481 appellunt,
1162 2410 1197 2464 ed

146 2491 414 2569 ibatLaertiaflextu,·
424 2492 487 2562 Reg.
498 2489 647 2542 Cnostram
693 2505 853 2540 marmoreas
863 2485 1011 2561 sculptores
1020 2492 1194 2561 aptissimum.

145 2570 204 2623 lect.
225 2572 273 2622 Eo.
692 2569 814 2621 Bttxrxxtx.
832 2599 869 2612 -
890 2570 991 2622 Latent.
1013 2572 1082 2638 Quin
1102 2571 1197 2626 relictoe

183 2668 208 2702 η.
226 2650 341 2722 Puppis,
359 2660 385 2701 et
401 2648 543 2702 innumere
559 2655 648 2697 muta-
694 2661 755 2720 post
766 2651 875 2720 terqein
886 2647 966 2702 bores
977 2651 1094 2704 minores
1105 2652 1198 2706 viden-

146 2731 208 2783 bant
224 2728 350 2799 Cyclados
366 2744 443 2780 aure.
456 2728 519 2797 neg.
540 2725 560 2775 B
575 2725 650 2796 Pup·
694 2743 752 2782 tur:
769 2731 841 2783 unde
847 2733 903 2800 jem
913 2745 1020 2783 remote
1030 2735 1117 2786 minus
1126 2733 1198 2788 vide·

143 2810 203 2882 pis,
215 2819 241 2860 et
252 2810 399 2860 inenumeras
410 2807 547 2859 onerabant
560 2802 650 2874 Cyclo·
693 2807 801 2874 buntur,
813 2821 839 2860 et
852 2810 926 2881 quasi
940 2807 1062 2862 latebant.
1076 2839 1112 2852 —
1122 2811 1196 2866 Atta.

146 2892 188 2943 des
206 2885 397 2948 auresbabe13
415 2889 478 2956 Reg.
495 2885 649 2958 CPuppis,
694 2891 804 2961 Propter
818 2901 930 2942 montes.

145 2981 181 3022 et'
196 2969 340 3019 innumere
364 2965 504 3018 mutabant
528 2963 651 3036 Cyclades
731 2968 756 3035 4.
778 2969 894 3022 Lemnos.
910 2968 977 3022 Vide
994 2969 1078 3023 Theb.
1096 2975 1130 3038 V,
1147 2973 1197 3040 50,

146 3069 230 3102 auras.
256 3049 303 3100 Eu.
324 3077 359 3086 -
379 3048 536 3099 Innumerae.
560 3043 648 3112 Quis,
698 3044 755 3111 184.
777 3073 813 3086 —
838 3046 974 3102 Decretcit.
1002 3049 1130 3104 Naturale
1157 3067 1197 3106 est

147 3148 208 3182 eum
220 3130 283 3199 ipsis
292 3125 467 3198 navigandum
479 3139 535 3178 eret
544 3145 591 3198 per
599 3124 650 3196 Cy·
694 3127 778 3190 enim,
788 3139 818 3176 ut
826 3140 926 3195 quanto
935 3129 1059 3198 msqiseb
1070 3149 1125 3182 uno
1134 3130 1196 3186 loce

147 3206 250 3273 clades,
269 3225 327 3278 quse
345 3205 407 3258 hinc
424 3217 450 3257 et
466 3203 537 3256 illinc
552 3221 650 3274 spes-sse
694 3201 870 3272 digredimur,
890 3204 912 3254 is
928 3209 1086 3276 conspectui
1103 3223 1195 3263 uestro

147 3301 238 3352 erant,
254 3299 357 3338 rectum
371 3302 476 3337 cursum
492 3297 581 3336 tenere
595 3301 650 3334 non
694 3279 1197 3356 subtrabatur,miumqueeppereeqec

146 3379 285 3438 poterent;
295 3363 341 3418 sed
352 3363 514 3433 cogebantur
522 3361 650 3434 gubernu-
695 3364 732 3413 sic
742 3361 880 3427 decrescat,
894 3365 1021 3432 quoniam
1031 3364 1081 3417 sub
1091 3370 1198 3421 minori·

147 3443 238 3498 culum
249 3447 319 3496 varie
332 3443 452 3510 flectere,
462 3454 488 3493 et
497 3444 570 3494 siuns
579 3439 650 3492 velo·
694 3439 744 3494 bus
756 3455 783 3492 et
793 3437 938 3493 minoribus
951 3441 1052 3512 ungulis
1065 3447 1195 3498 cernitur:

147 3545 205 3578 rum
215 3527 298 3578 ventis
309 3523 439 3597 pendere,
449 3523 496 3593 qui
506 3521 559 3572 hoc
569 3520 649 3572 modo
695 3533 812 3574 econtra
820 3539 852 3573 ee
861 3520 937 3574 nobis
947 3525 1029 3592 magis
1040 3541 1189 3596 appareant

148 3606 176 3656 iu
195 3617 327 3656 momenta
344 3620 449 3672 semper
463 3599 648 3651 mutabuntur:
694 3601 792 3672 quibus
806 3603 1061 3674 appropinquemus,
1074 3608 1135 3677 quie
1147 3608 1199 3660 sub

147 3684 208 3736 ideo
234 3685 384 3735 innumeras
405 3698 483 3731 auras
503 3692 589 3731 vocet.
615 3707 650 3718 -
694 3681 839 3752 majoribus
850 3683 946 3732 sensim
959 3695 984 3734 et
994 3684 1138 3753 majoribus
1151 3705 1197 3740 en·

147 3763 288 3814 Mutobant
316 3759 449 3830 Cycladas.
474 3759 542 3826 Quin
568 3756 649 3808 modo
693 3762 1197 3832 guliscernuntur3undeinlertcente

147 3843 233 3909 banc,
257 3839 338 3894 modo
362 3838 434 3892 illam
458 3838 650 3902 ostendebant,
694 3840 1197 3898 oculoscrescenteSnmo».-Baeebi-

148 3941 229 3995 quum
242 3923 343 3993 eliques
356 3921 532 3991 preterirent,
549 3919 650 3992 aliquas
695 3922 822 3972 eolla-tos.
839 3922 878 3972 Ex
898 3919 1055 3993 Cycladibus
1071 3942 1124 3976 una
1140 3941 1197 3994 est,

147 4002 260 4054 adirent.
406 4036 407 4040 =
696 3998 799 4050 Baccho
813 4015 980 4064 eouseorsts;
996 4019 1055 4054 nam
1068 4005 1144 4057 Nexii
1160 4007 1198 4059 fe·

185 4081 210 4133 3.
230 4083 313 4132 Paros
327 4078 489 4152 Olearosque.
504 4079 540 4128 Ex
555 4076 650 4148 Cycla·
694 4091 754 4128 runt
765 4077 835 4130 hunc
844 4078 926 4130 Deum
935 4078 1007 4150 epud
1018 4099 1045 4132 se
1055 4085 1196 4151 nutritum,

148 4161 227 4214 dibus
246 4173 323 4224 eunt,
338 4172 436 4230 quaeut
450 4156 561 4209 diximus
575 4158 649 4208 initio
695 4155 730 4206 ub
745 4175 856 4228 eamque
868 4177 924 4209 rem
937 4157 1049 4210 insulem
1062 4161 1111 4212 sibi
1123 4180 1197 4216 acce·
1230 4210 1232 4218 ,

149 4238 290 4292 duodecim
308 4240 387 4290 fuisse
402 4235 550 4308 produntur
561 4236 588 4286 in
604 4235 649 4286 Ε·
693 4236 839 4306 piissimam
864 4254 943 4303 esse,
970 4235 1158 4312 Nysidiemque
1184 4263 1199 4294 a

246 4331 311 4395 III.
551 4393 554 4400 ,
605 4383 608 4390 .
1015 4327 1057 4391 36
