3256 5160
400 533 467 616 47⁰
636 529 669 590 Ρ.
696 528 731 590 r.
758 526 913 626 sraru
937 524 1212 594 rueramus
1239 501 1244 510 '

445 658 588 738 Moenia3
600 677 704 750 seque
716 657 829 747 ipsum
840 653 1021 722 monstrosi
1032 652 1230 746 ambagibus
1244 655 1332 722 anni

445 765 586 860 Hispida
600 781 813 860 torquentem
828 765 988 834 luctantis
1000 763 1087 834 colla
1095 762 1249 858 juvenci,

446 876 669 972 Alternasqne
680 898 801 944 manus
815 878 958 958 circum,
971 893 1006 944 et
1020 873 1150 945 nodosa
1160 875 1323 968 ligantem
1393 889 1447 957 670

447 986 601 1070 Brachia,
614 1003 648 1055 et
658 986 804 1056 abducto
816 990 979 1055 vitantem
991 1011 1120 1056 cornua
1132 986 1237 1054 vultu.

446 1103 572 1166 Terror
583 1095 684 1164 habet
695 1096 855 1189 populos,
867 1121 975 1191 quum
988 1114 1105 1190 septus
1117 1099 1261 1189 imagine
1272 1113 1366 1166 torva

449 1209 641 1300 Ingreditur
652 1232 799 1302 pugnas:
813 1209 866 1278 his
878 1209 1029 1290 Thesea,
1042 1209 1162 1303 bisque
1177 1225 1334 1278 cruentas

446 1319 544 1388 Caede
556 1317 669 1388 videre
681 1343 818 1388 manus:
832 1337 962 1389 veteres
975 1323 1199 1390 reminiscitur
1209 1336 1304 1388 actus

447 1436 525 1524 lpse
536 1449 635 1500 tuens
648 1433 845 1525 sociumque
857 1456 1005 1525 gregem,
1016 1430 1266 1526 metuendaque
1277 1425 1448 1526 quondam

448 1543 596 1622 Limina,
610 1555 644 1608 et
655 1539 812 1608 absumto
824 1540 1010 1634 pallentem
1023 1541 1191 1609 Gnossida
1203 1535 1271 1610 lilo.
1397 1549 1450 1619 676

493 1657 607 1724 Saevns
619 1669 654 1720 at
664 1656 792 1722 interea
802 1653 893 1722 ferro
904 1669 983 1746 post
997 1671 1091 1746 terga
1103 1658 1272 1722 revinctas
1310 1651 1317 1664 ⁸

447 1767 653 1856 Antigonen,
666 1764 871 1859 viduamque
882 1768 992 1832 Creon
1002 1765 1178 1834 Adrastida
1190 1762 1258 1832 leto

438 1985 498 2039 668.
510 1986 593 2058 Seque
602 1987 696 2060 ipsum.
707 1988 745 2040 Ex
756 2007 831 2040 more
841 2003 905 2042 tunc
950 1990 1098 2063 tuendaque
1118 1987 1250 2062 quondam
1268 1986 1382 2042 limiae.
1401 1983 1459 2034 La-'

402 2068 529 2136 temporis
548 2081 686 2138 usurpato.
704 2068 820 2134 Plinius,
837 2071 904 2120 illst.
949 2067 1118 2142 bgrinthum,
1130 2071 1157 2120 in
1171 2085 1223 2140 quo
1236 2064 1356 2118 inclusus
1368 2063 1452 2114 Mino·

403 2149 466 2200 Nat.
475 2147 581 2213 XXXV,
590 2165 613 2197 c.
623 2148 652 2213 4,
665 2164 687 2212 t,
698 2146 753 2198 hnc
761 2151 795 2199 ait
806 2171 812 2199 :
826 2148 907 2200 «Scu-
950 2161 1058 2214 taurus,
1072 2167 1150 2220 quern
1161 2146 1283 2198 occidere
1295 2141 1452 2216 oportebat,

402 2226 436 2277 tis
457 2225 544 2292 enim,
565 2225 688 2298 qualibus
707 2226 778 2298 apud
796 2228 906 2300 Trojarn
951 2231 1055 2300 etipse
1078 2229 1241 2300 comitesque
1261 2234 1373 2276 mortem
1391 2238 1452 2273 evu-

403 2315 567 2375 pugnatum,
588 2304 793 2357 continebantur
812 2308 907 2380 imagi-
951 2309 1054 2364 derent.

341 2423 349 2434 .
405 2399 467 2434 nes:
484 2381 555 2434 unde
572 2397 597 2434 et
613 2403 710 2434 nomen
726 2383 846 2438 habuere
861 2386 909 2438 cli·
988 2391 1049 2459 676.
1069 2388 1189 2451 limina,
1209 2397 1234 2437 et
1250 2385 1383 2448 absumta,
1402 2393 1454 2434 etc.

405 2480 526 2534 peorum.
547 2465 628 2532 Origo
642 2463 721 2532 plena
736 2466 854 2532 virtutis,
868 2467 909 2518 fa·
956 2472 1077 2522 «Omnes
1087 2468 1170 2520 nostri
1183 2465 1244 2518 libri
1255 2462 1390 2527 meliores,
1400 2479 1454 2512 non

406 2541 473 2592 ciem
487 2540 562 2593 reddi
574 2543 599 2596 in
613 2556 689 2594 scuto
703 2545 848 2614 cujusque,
863 2546 909 2616 qai
953 2551 1082 2614 absumta,
1104 2547 1150 2600 sed
1164 2547 1280 2599 adsumto
1294 2543 1403 2595 habent.
1422 2541 1455 2592 Et

407 2621 488 2672 luerit
500 2641 562 2674 usus
575 2619 631 2673 illo.
642 2646 652 2670 ι
665 2655 697 2661 -
707 2623 847 2688 lllonrtrosi
855 2643 911 2676 am·
954 2627 1006 2680 hoc
1023 2630 1114 2698 utique
1129 2628 1166 2678 rei
1181 2624 1285 2676 veritati
1297 2621 1428 2673 convenit.
1440 2642 1452 2664 ι

408 2701 514 2777 baqibus
529 2703 609 2754 antri.
623 2701 817 2775 Labyrinthum
833 2703 911 2756 intel·
954 2709 1056 2758 Biora:
1074 2735 1110 2745 -
1128 2707 1191 2774 lleg.
1213 2705 1232 2754 Β
1250 2701 1347 2766 habet,
1368 2711 1394 2752 et
1410 2698 1456 2750 ab·

407 2779 472 2854 llflli·
953 2782 1206 2857 sumptopallentem
1216 2777 1457 2852 Gnosiafilo,·lleg.

441 2861 503 2932 669.
522 2863 642 2914 Juvenci.
656 2861 814 2926 Minotauri,
832 2881 911 2935 quem
955 2866 989 2930 C,
1006 2875 1030 2916 et
1044 2875 1172 2934 assumpto
1184 2861 1327 2933 pallentem
1342 2855 1457 2910 Gnosida

408 2941 692 2994 suffocavit'l'heseus.
947 2942 1010 3016 filo.
1032 2971 1068 2982 -
1091 2941 1204 2993 Limina.
1230 2936 1394 3011 Labyrinthi.
1421 2962 1458 2974 -

442 3020 504 3090 671.
524 3021 555 3072 B.
575 3041 596 3072 e.
619 3043 644 3074 a.
665 3023 790 3074 vitantem
811 3039 910 3074 cornua
957 3023 1080 3077 Gnossida
1085 3020 1148 3095 filo.
1162 3018 1303 3072 Ariadnam
1318 3016 1382 3068 dicit
1392 3017 1457 3070 Cre-

408 3099 493 3152 vultu.
511 3103 541 3152 ln
557 3089 651 3152 eodeni
669 3103 726 3152 Put.
741 3100 809 3152 libro
824 3101 911 3152 uitan-
954 3115 1071 3168 tensern,
1084 3119 1140 3174 quae
1151 3119 1233 3172 quum
1242 3098 1375 3152 Theseum
1386 3113 1458 3148 ama-

408 3191 458 3230 tem
471 3197 567 3231 cornua
582 3179 661 3231 luctu.
672 3210 708 3220 -
720 3181 784 3250 Reg.
797 3179 911 3232 Bhabet
954 3197 1008 3248 ret,
1023 3197 1049 3233 et
1066 3195 1200 3233 vereratur
1218 3196 1251 3229 ne
1271 3176 1391 3248 quamvis
1408 3176 1457 3226 tti-

407 3259 478 3313 hanc
489 3261 550 3313 lect.
564 3263 627 3333 lieg.
641 3262 800 3313 Cnostram.
821 3262 866 3312 En.
954 3276 1069 3314 notauro
1089 3262 1194 3326 occiso,
1210 3257 1349 3330 multiplex
1360 3269 1385 3309 et
1397 3274 1458 3326 per·

443 3341 504 3410 672.
522 3343 606 3412 Quum
619 3353 712 3412 septus.
725 3341 814 3408 Quum
827 3359 911 3392 arma·
954 3341 1061 3414 plexum
1083 3337 1236 3412 labyrinthi
1257 3340 1306 3390 iter
1327 3336 1458 3410 explicare

407 3432 449 3473 tus
463 3435 533 3473 esset
544 3423 619 3492 pictu
633 3421 787 3472 Minotauri.
806 3421 882 3472 Lacr.
955 3439 1009 3472 non
1027 3431 1132 3492 posset,
1149 3437 1206 3491 qoae
1224 3416 1320 3468 domus
1335 3429 1390 3467 erat
1405 3416 1458 3466 nti-

443 3502 504 3572 673.
524 3503 568 3555 Bis
586 3502 691 3554 Thesea.
708 3499 795 3552 Semel
814 3503 841 3552 in
862 3499 911 3552 cli·
955 3502 1081 3566 notanti,
1106 3497 1244 3550 Daedalum
1268 3496 1458 3548 fabricatorem

407 3601 474 3654 pec,
489 3595 514 3633 et
526 3581 606 3634 semel
620 3583 647 3632 in
660 3579 758 3652 praelio.
957 3583 1044 3652 operis
1059 3579 1188 3644 exoravit,
1203 3597 1217 3630 a
1233 3596 1287 3650 quo
1301 3574 1409 3648 globum
1422 3571 1462 3623 fili

443 3661 505 3731 674.
521 3661 620 3713 Videre.
632 3661 740 3730 Regitur
750 3679 764 3711 a
776 3658 857 3712 verbo
869 3659 912 3710 lm·
955 3664 1072 3732 accepit,
1087 3663 1163 3730 cujus
1176 3659 1353 3710 summitatem
1366 3666 1460 3706 tenens

408 3743 455 3793 bet.
474 3743 594 3793 uTerror
611 3740 690 3792 habet
709 3739 825 3812 populos
837 3738 912 3792 vide·
956 3742 1014 3811 ipsa
1024 3739 1127 3794 Theseo
1140 3739 1248 3792 intranti
1257 3734 1344 3798 dedit,
1358 3746 1419 3804 post
1431 3750 1461 3784 se

408 3841 475 3886 περ
493 3840 540 3874 sen
556 3839 637 3893 quum
650 3819 748 3872 vident.
956 3817 1127 3884 solvendum,
1147 3835 1225 3887 quem
1242 3814 1286 3866 ille
1305 3817 1395 3865 occiso
1409 3811 1462 3862 Mi-

442 3901 504 3972 675.
524 3903 547 3953 1.
571 3913 588 3952 t.
612 3919 648 3972 sq.
671 3919 697 3971 q.
721 3900 911 3973 metuendaque
956 3885 1069 3949 notaurb
1082 3894 1215 3966 relegens,
1228 3897 1312 3946 victor
1325 3905 1462 3960 regressus

407 3982 548 4055 quondam.
564 3983 640 4033 Unus
659 3980 750 4031 liehot.
768 3982 911 4032 metuentia
956 3992 1004 4030 est.
1025 3976 1152 4027 Liortur.

407 4061 550 4134 quondum.
560 4090 597 4100 -
605 4061 673 4132 Ipse.
683 4058 812 4111 Theseus.
822 4090 858 4098 —
867 4060 912 4112 So·
994 4059 1055 4126 678.
1068 4057 1181 4111 Viduam
1193 4050 1341 4108 Adrastida.
1356 4050 1463 4103 Scilicet

408 4141 528 4212 ciamque
535 4155 648 4211 gregem.
660 4134 688 4188 ld
700 4150 752 4201 est,
767 4135 912 4189 Athenien·
957 4133 1211 4206 Argian,Polynicis
1220 4132 1337 4198 viduam,
1345 4141 1372 4184 et
1379 4127 1462 4182 liliam

409 4220 508 4289 sesqui
525 4237 631 4270 comeo
648 4230 784 4268 venerant.
798 4246 833 4254 -
849 4215 911 4266 Me·
957 4215 1071 4266 Adrasti.
