<?xml version="1.0" encoding="UTF-8"?>
<!DOCTYPE html PUBLIC "-//W3C//DTD XHTML 1.0 Transitional//EN"
    "http://www.w3.org/TR/xhtml1/DTD/xhtml1-transitional.dtd">
<html xmlns="http://www.w3.org/1999/xhtml" xml:lang="en" lang="en">
 <head>
  <title>
</title>
<meta http-equiv="Content-Type" content="text/html;charset=utf-8" />
  <meta name='ocr-system' content='tesseract 3.04.00' />
  <meta name='ocr-capabilities' content='ocr_page ocr_carea ocr_par ocr_line ocrx_word'/>
</head>
<body>
  <div class='ocr_page' id='page_1' title='image "./libriquinquesil00statgoog_0410.png"; bbox 0 0 3284 5162; ppageno 0'>
   <div class='ocr_carea' id='block_1_1' title="bbox 635 493 1273 577">
    <p class='ocr_par' dir='ltr' id='par_1_1' title="bbox 635 493 1273 577">
     <span class='ocr_line' id='line_1_1' title="bbox 635 493 1273 577; baseline 0.008 -20"><span class='ocrx_word' id='word_1_1' title='bbox 635 493 778 560; x_wconf 77' lang='lat' dir='ltr'><strong>trena</strong></span> <span class='ocrx_word' id='word_1_2' title='bbox 803 494 865 560; x_wconf 90' lang='lat' dir='ltr'><strong>x1.</strong></span> <span class='ocrx_word' id='word_1_3' title='bbox 1210 498 1273 577; x_wconf 77' lang='lat'><strong>403</strong></span> 
     </span>
    </p>
   </div>
   <div class='ocr_carea' id='block_1_2' title="bbox 270 619 1279 2369">
    <p class='ocr_par' dir='ltr' id='par_1_2' title="bbox 272 619 1099 714">
     <span class='ocr_line' id='line_1_2' title="bbox 272 619 1099 714; baseline -0.008 -20"><span class='ocrx_word' id='word_1_4' title='bbox 272 625 348 694; x_wconf 82' lang='lat' dir='ltr'><strong>Heu</strong></span> <span class='ocrx_word' id='word_1_5' title='bbox 359 621 471 692; x_wconf 81' lang='lat' dir='ltr'><strong>dolori</strong></span> <span class='ocrx_word' id='word_1_6' title='bbox 486 621 553 689; x_wconf 88' lang='lat' dir='ltr'><strong>beu</strong></span> <span class='ocrx_word' id='word_1_7' title='bbox 563 619 655 714; x_wconf 85' lang='lat' dir='ltr'><strong>justo</strong></span> <span class='ocrx_word' id='word_1_8' title='bbox 666 624 772 713; x_wconf 80' lang='lat' dir='ltr'><strong>magis</strong></span> <span class='ocrx_word' id='word_1_9' title='bbox 785 619 940 689; x_wconf 83' lang='lat' dir='ltr'><strong>exaudita</strong></span> <span class='ocrx_word' id='word_1_10' title='bbox 951 623 1099 714; x_wconf 85' lang='lat' dir='ltr'><strong>parentis</strong></span> 
     </span>
    </p>

    <p class='ocr_par' dir='ltr' id='par_1_3' title="bbox 270 732 1184 829">
     <span class='ocr_line' id='line_1_3' title="bbox 270 732 1184 829; baseline -0.002 -27"><span class='ocrx_word' id='word_1_11' title='bbox 270 739 373 818; x_wconf 86' lang='lat' dir='ltr'><strong>Vota,</strong></span> <span class='ocrx_word' id='word_1_12' title='bbox 386 733 551 829; x_wconf 84' lang='lat' dir='ltr'><strong>muloeque</strong></span> <span class='ocrx_word' id='word_1_13' title='bbox 563 739 697 826; x_wconf 88' lang='lat' dir='ltr'><strong>preces!</strong></span> <span class='ocrx_word' id='word_1_14' title='bbox 712 734 867 828; x_wconf 86' lang='lat' dir='ltr'><strong>quisnam</strong></span> <span class='ocrx_word' id='word_1_15' title='bbox 880 732 1184 814; x_wconf 60' lang='lat' dir='ltr'><strong>lutitianorum,</strong></span> 
     </span>
    </p>

    <p class='ocr_par' dir='ltr' id='par_1_4' title="bbox 272 841 1090 939">
     <span class='ocr_line' id='line_1_4' title="bbox 272 841 1090 939; baseline -0.002 -25"><span class='ocrx_word' id='word_1_16' title='bbox 272 849 337 934; x_wconf 89' lang='lat' dir='ltr'><strong>Qui</strong></span> <span class='ocrx_word' id='word_1_17' title='bbox 352 847 444 915; x_wconf 85' lang='lat' dir='ltr'><strong>stetit</strong></span> <span class='ocrx_word' id='word_1_18' title='bbox 453 860 607 912; x_wconf 86' lang='lat' dir='ltr'><strong>orantem</strong></span> <span class='ocrx_word' id='word_1_19' title='bbox 616 841 731 936; x_wconf 85' lang='lat' dir='ltr'><strong>juxta,</strong></span> <span class='ocrx_word' id='word_1_20' title='bbox 742 860 977 939; x_wconf 86' lang='lat' dir='ltr'><strong>praeoeptaqne</strong></span> <span class='ocrx_word' id='word_1_21' title='bbox 989 843 1090 912; x_wconf 86' lang='lat' dir='ltr'><strong>verbe</strong></span> 
     </span>
    </p>

    <p class='ocr_par' dir='ltr' id='par_1_5' title="bbox 271 954 1052 1050">
     <span class='ocr_line' id='line_1_5' title="bbox 271 954 1052 1050; baseline -0.005 -24"><span class='ocrx_word' id='word_1_22' title='bbox 271 959 416 1026; x_wconf 87' lang='lat' dir='ltr'><strong>Dictavit</strong></span> <span class='ocrx_word' id='word_1_23' title='bbox 427 957 526 1023; x_wconf 80' lang='lat' dir='ltr'><strong>latis?</strong></span> <span class='ocrx_word' id='word_1_24' title='bbox 538 955 633 1021; x_wconf 82' lang='lat' dir='ltr'><strong>furor</strong></span> <span class='ocrx_word' id='word_1_25' title='bbox 645 954 718 1036; x_wconf 82' lang='lat' dir='ltr'><strong>illa,</strong></span> <span class='ocrx_word' id='word_1_26' title='bbox 732 971 765 1022; x_wconf 89' lang='lat' dir='ltr'><strong>et</strong></span> <span class='ocrx_word' id='word_1_27' title='bbox 776 957 882 1022; x_wconf 91' lang='lat' dir='ltr'><strong>movit</strong></span> <span class='ocrx_word' id='word_1_28' title='bbox 892 957 1052 1050; x_wconf 76' lang='lat' dir='ltr'><strong>Erinnys,</strong></span> 
     </span>
    </p>

    <p class='ocr_par' dir='ltr' id='par_1_6' title="bbox 273 1063 1277 1160">
     <span class='ocr_line' id='line_1_6' title="bbox 273 1063 1277 1160; baseline -0.001 -24"><span class='ocrx_word' id='word_1_29' title='bbox 273 1071 316 1136; x_wconf 85' lang='lat' dir='ltr'><strong>Et</strong></span> <span class='ocrx_word' id='word_1_30' title='bbox 327 1086 433 1160; x_wconf 83' lang='lat' dir='ltr'><strong>peter,</strong></span> <span class='ocrx_word' id='word_1_31' title='bbox 447 1082 481 1134; x_wconf 91' lang='lat' dir='ltr'><strong>et</strong></span> <span class='ocrx_word' id='word_1_32' title='bbox 492 1067 650 1158; x_wconf 76' lang='lat' dir='ltr'><strong>genitrix,</strong></span> <span class='ocrx_word' id='word_1_33' title='bbox 664 1082 698 1131; x_wconf 90' lang='lat' dir='ltr'><strong>et</strong></span> <span class='ocrx_word' id='word_1_34' title='bbox 709 1089 813 1157; x_wconf 74' lang='lat' dir='ltr'><strong>regne</strong></span> <span class='ocrx_word' id='word_1_35' title='bbox 825 1063 983 1160; x_wconf 88' lang='lat' dir='ltr'><strong>oculique</strong></span> <span class='ocrx_word' id='word_1_36' title='bbox 995 1064 1172 1150; x_wconf 87' lang='lat' dir='ltr'><strong>cadentes;</strong></span> <span class='ocrx_word' id='word_1_37' title='bbox 1225 1080 1277 1135; x_wconf 59' lang='grc' dir='ltr'><strong>δυο</strong></span> 
     </span>
    </p>

    <p class='ocr_par' dir='ltr' id='par_1_7' title="bbox 273 1173 1091 1270">
     <span class='ocr_line' id='line_1_7' title="bbox 273 1173 1091 1270; baseline -0.002 -24"><span class='ocrx_word' id='word_1_38' title='bbox 273 1177 328 1247; x_wconf 86' lang='lat' dir='ltr'><strong>Nil</strong></span> <span class='ocrx_word' id='word_1_39' title='bbox 340 1202 402 1270; x_wconf 79' lang='lat' dir='ltr'><strong>ego</strong></span> <span class='ocrx_word' id='word_1_40' title='bbox 417 1202 425 1244; x_wconf 76' lang='grc' dir='ltr'><strong><em>ε</em></strong></span> <span class='ocrx_word' id='word_1_41' title='bbox 439 1200 501 1270; x_wconf 89' lang='lat' dir='ltr'><strong>per</strong></span> <span class='ocrx_word' id='word_1_42' title='bbox 513 1180 622 1244; x_wconf 83' lang='lat' dir='ltr'><strong>Ditem</strong></span> <span class='ocrx_word' id='word_1_43' title='bbox 631 1173 711 1268; x_wconf 86' lang='lat' dir='ltr'><strong>juro</strong></span> <span class='ocrx_word' id='word_1_44' title='bbox 723 1175 908 1270; x_wconf 81' lang='lat' dir='ltr'>dulcesque</span> <span class='ocrx_word' id='word_1_45' title='bbox 920 1176 1091 1261; x_wconf 76' lang='lat' dir='ltr'><strong>tenebras,</strong></span> 
     </span>
    </p>

    <p class='ocr_par' dir='ltr' id='par_1_8' title="bbox 274 1285 1176 1382">
     <span class='ocr_line' id='line_1_8' title="bbox 274 1285 1176 1382; baseline -0.003 -25"><span class='ocrx_word' id='word_1_46' title='bbox 274 1293 550 1382; x_wconf 82' lang='lat' dir='ltr'><strong>immeritamque</strong></span> <span class='ocrx_word' id='word_1_47' title='bbox 562 1285 700 1369; x_wconf 89' lang='lat' dir='ltr'><strong>ducem,</strong></span> <span class='ocrx_word' id='word_1_48' title='bbox 714 1285 852 1353; x_wconf 82' lang='lat' dir='ltr'><strong>subeam</strong></span> <span class='ocrx_word' id='word_1_49' title='bbox 865 1288 913 1354; x_wconf 86' lang='lat' dir='ltr'><strong>sic</strong></span> <span class='ocrx_word' id='word_1_50' title='bbox 923 1291 1064 1354; x_wconf 78' lang='lat' dir='ltr'><strong>Tartara</strong></span> <span class='ocrx_word' id='word_1_51' title='bbox 1075 1286 1176 1380; x_wconf 73' lang='lat' dir='ltr'><strong>digne</strong></span> 
     </span>
    </p>

    <p class='ocr_par' dir='ltr' id='par_1_9' title="bbox 273 1395 1009 1488">
     <span class='ocr_line' id='line_1_9' title="bbox 273 1395 1009 1488; baseline -0.008 -20"><span class='ocrx_word' id='word_1_52' title='bbox 273 1405 399 1480; x_wconf 85' lang='lat' dir='ltr'><strong>Morte,</strong></span> <span class='ocrx_word' id='word_1_53' title='bbox 415 1421 479 1466; x_wconf 88' lang='lat' dir='ltr'><strong>neo</strong></span> <span class='ocrx_word' id='word_1_54' title='bbox 491 1400 574 1464; x_wconf 85' lang='lat' dir='ltr'><strong>irata</strong></span> <span class='ocrx_word' id='word_1_55' title='bbox 586 1397 690 1488; x_wconf 77' lang='lat' dir='ltr'><strong>fugiat</strong></span> <span class='ocrx_word' id='word_1_56' title='bbox 700 1419 755 1464; x_wconf 89' lang='lat' dir='ltr'><strong>me</strong></span> <span class='ocrx_word' id='word_1_57' title='bbox 768 1399 867 1464; x_wconf 82' lang='lat' dir='ltr'><strong>Laius</strong></span> <span class='ocrx_word' id='word_1_58' title='bbox 878 1395 1009 1463; x_wconf 87' lang='lat' dir='ltr'><strong>umbra.</strong></span> 
     </span>
    </p>

    <p class='ocr_par' dir='ltr' id='par_1_10' title="bbox 274 1505 1213 1602">
     <span class='ocr_line' id='line_1_10' title="bbox 274 1505 1213 1602; baseline -0.002 -26"><span class='ocrx_word' id='word_1_59' title='bbox 274 1512 336 1576; x_wconf 89' lang='lat' dir='ltr'><strong>Hei</strong></span> <span class='ocrx_word' id='word_1_60' title='bbox 348 1508 447 1590; x_wconf 91' lang='lat' dir='ltr'><strong>mihi,</strong></span> <span class='ocrx_word' id='word_1_61' title='bbox 461 1531 547 1602; x_wconf 90' lang='lat' dir='ltr'><strong>quos</strong></span> <span class='ocrx_word' id='word_1_62' title='bbox 559 1528 667 1574; x_wconf 89' lang='lat' dir='ltr'><strong>nexus</strong></span> <span class='ocrx_word' id='word_1_63' title='bbox 679 1507 838 1588; x_wconf 82' lang='lat' dir='ltr'><strong>frenum,</strong></span> <span class='ocrx_word' id='word_1_64' title='bbox 851 1529 928 1599; x_wconf 81' lang='lat' dir='ltr'><strong>quae</strong></span> <span class='ocrx_word' id='word_1_65' title='bbox 938 1505 1079 1575; x_wconf 81' lang='lat' dir='ltr'><strong>vulnera</strong></span> <span class='ocrx_word' id='word_1_66' title='bbox 1089 1515 1213 1576; x_wconf 84' lang='lat' dir='ltr'><strong>tracto!</strong></span> 
     </span>
    </p>

    <p class='ocr_par' dir='ltr' id='par_1_11' title="bbox 275 1616 1279 1713">
     <span class='ocr_line' id='line_1_11' title="bbox 275 1616 1279 1713; baseline -0.003 -24"><span class='ocrx_word' id='word_1_67' title='bbox 275 1619 415 1702; x_wconf 88' lang='lat' dir='ltr'><strong>Solvite,</strong></span> <span class='ocrx_word' id='word_1_68' title='bbox 427 1641 558 1713; x_wconf 55' lang='lat' dir='ltr'><strong>quaro,</strong></span> <span class='ocrx_word' id='word_1_69' title='bbox 571 1616 1055 1711; x_wconf 82' lang='lat' dir='ltr'><strong>manus,.infestequevinculu</strong></span> <span class='ocrx_word' id='word_1_70' title='bbox 1067 1618 1203 1686; x_wconf 87' lang='lat' dir='ltr'><strong>tandem</strong></span> <span class='ocrx_word' id='word_1_71' title='bbox 1227 1631 1279 1686; x_wconf 79' lang='lat'><strong>625</strong></span> 
     </span>
    </p>

    <p class='ocr_par' dir='ltr' id='par_1_12' title="bbox 275 1725 1227 1934">
     <span class='ocr_line' id='line_1_12' title="bbox 275 1725 1227 1820; baseline -0.002 -24"><span class='ocrx_word' id='word_1_72' title='bbox 275 1729 435 1811; x_wconf 88' lang='lat' dir='ltr'><strong>Dividite,</strong></span> <span class='ocrx_word' id='word_1_73' title='bbox 448 1745 481 1796; x_wconf 92' lang='lat' dir='ltr'><strong>et</strong></span> <span class='ocrx_word' id='word_1_74' title='bbox 492 1726 643 1796; x_wconf 90' lang='lat' dir='ltr'><strong>medium</strong></span> <span class='ocrx_word' id='word_1_75' title='bbox 655 1752 746 1795; x_wconf 87' lang='lat' dir='ltr'><strong>nunc</strong></span> <span class='ocrx_word' id='word_1_76' title='bbox 758 1727 877 1796; x_wconf 85' lang='lat' dir='ltr'><strong>saltem</strong></span> <span class='ocrx_word' id='word_1_77' title='bbox 886 1725 1050 1795; x_wconf 84' lang='lat' dir='ltr'><strong>admittite</strong></span> <span class='ocrx_word' id='word_1_78' title='bbox 1062 1734 1227 1820; x_wconf 70' lang='lat' dir='ltr'><strong>petrem·</strong></span> 
     </span>
     <span class='ocr_line' id='line_1_13' title="bbox 320 1837 1071 1934; baseline -0.001 -27"><span class='ocrx_word' id='word_1_79' title='bbox 320 1840 417 1907; x_wconf 83' lang='lat' dir='ltr'><strong>Talia</strong></span> <span class='ocrx_word' id='word_1_80' title='bbox 428 1839 628 1934; x_wconf 81' lang='lat' dir='ltr'><strong>dequestus,</strong></span> <span class='ocrx_word' id='word_1_81' title='bbox 640 1837 814 1933; x_wconf 74' lang='lat' dir='ltr'><strong>paullatim</strong></span> <span class='ocrx_word' id='word_1_82' title='bbox 827 1853 995 1905; x_wconf 82' lang='lat' dir='ltr'><strong>sumserat</strong></span> <span class='ocrx_word' id='word_1_83' title='bbox 1004 1842 1071 1906; x_wconf 89' lang='lat' dir='ltr'><strong>iras</strong></span> 
     </span>
    </p>

    <p class='ocr_par' dir='ltr' id='par_1_13' title="bbox 274 1948 1022 2031">
     <span class='ocr_line' id='line_1_14' title="bbox 274 1948 1022 2031; baseline -0.004 -15"><span class='ocrx_word' id='word_1_84' title='bbox 274 1952 410 2031; x_wconf 86' lang='lat' dir='ltr'><strong>Mortis,</strong></span> <span class='ocrx_word' id='word_1_85' title='bbox 422 1964 456 2014; x_wconf 91' lang='lat' dir='ltr'><strong>et</strong></span> <span class='ocrx_word' id='word_1_86' title='bbox 467 1948 597 2016; x_wconf 86' lang='lat' dir='ltr'><strong>occulte</strong></span> <span class='ocrx_word' id='word_1_87' title='bbox 609 1948 728 2031; x_wconf 87' lang='lat' dir='ltr'><strong>telum,</strong></span> <span class='ocrx_word' id='word_1_88' title='bbox 742 1951 777 2014; x_wconf 91' lang='lat' dir='ltr'><strong>ni</strong></span> <span class='ocrx_word' id='word_1_89' title='bbox 788 1964 866 2015; x_wconf 87' lang='lat' dir='ltr'><strong>nata</strong></span> <span class='ocrx_word' id='word_1_90' title='bbox 878 1963 1022 2029; x_wconf 88' lang='lat' dir='ltr'><strong>vetaret,</strong></span> 
     </span>
    </p>

    <p class='ocr_par' dir='ltr' id='par_1_14' title="bbox 274 2057 1094 2146">
     <span class='ocr_line' id='line_1_15' title="bbox 274 2057 1094 2146; baseline -0.004 -20"><span class='ocrx_word' id='word_1_91' title='bbox 274 2058 471 2146; x_wconf 77' lang='lat' dir='ltr'><strong>Qnaerebat3</strong></span> <span class='ocrx_word' id='word_1_92' title='bbox 485 2057 546 2127; x_wconf 90' lang='lat' dir='ltr'><strong>sed</strong></span> <span class='ocrx_word' id='word_1_93' title='bbox 558 2077 648 2128; x_wconf 85' lang='lat' dir='ltr'><strong>casta</strong></span> <span class='ocrx_word' id='word_1_94' title='bbox 660 2083 765 2126; x_wconf 89' lang='lat' dir='ltr'><strong>manu</strong></span> <span class='ocrx_word' id='word_1_95' title='bbox 777 2059 987 2126; x_wconf 82' lang='lat' dir='ltr'><strong>subtraxerat</strong></span> <span class='ocrx_word' id='word_1_96' title='bbox 998 2081 1094 2124; x_wconf 88' lang='lat' dir='ltr'><strong>enses</strong></span> 
     </span>
    </p>

    <p class='ocr_par' dir='ltr' id='par_1_15' title="bbox 274 2164 1279 2261">
     <span class='ocr_line' id='line_1_16' title="bbox 274 2164 1279 2261; baseline -0.003 -25"><span class='ocrx_word' id='word_1_97' title='bbox 274 2171 439 2261; x_wconf 78' lang='lat' dir='ltr'><strong>Antigone</strong></span> <span class='ocrx_word' id='word_1_98' title='bbox 452 2195 459 2234; x_wconf 93' lang='lat'>:</span> <span class='ocrx_word' id='word_1_99' title='bbox 473 2169 554 2236; x_wconf 86' lang='lat' dir='ltr'><strong>furit</strong></span> <span class='ocrx_word' id='word_1_100' title='bbox 566 2167 644 2235; x_wconf 91' lang='lat' dir='ltr'><strong>inde</strong></span> <span class='ocrx_word' id='word_1_101' title='bbox 657 2192 759 2236; x_wconf 86' lang='lat' dir='ltr'><strong>senex</strong></span> <span class='ocrx_word' id='word_1_102' title='bbox 774 2194 781 2234; x_wconf 75' lang='grc' dir='ltr'><strong><em>ι</em></strong></span> <span class='ocrx_word' id='word_1_103' title='bbox 800 2198 813 2228; x_wconf 72' lang='grc' dir='ltr'><strong><em>κ</em></strong></span> <span class='ocrx_word' id='word_1_104' title='bbox 826 2165 892 2234; x_wconf 91' lang='lat' dir='ltr'><strong>Ubi</strong></span> <span class='ocrx_word' id='word_1_105' title='bbox 903 2169 1002 2233; x_wconf 88' lang='lat' dir='ltr'><strong>noxia</strong></span> <span class='ocrx_word' id='word_1_106' title='bbox 1014 2164 1099 2232; x_wconf 81' lang='lat' dir='ltr'><strong>tela?</strong></span> <span class='ocrx_word' id='word_1_107' title='bbox 1226 2179 1279 2233; x_wconf 79' lang='lat'><strong>630</strong></span> 
     </span>
    </p>

    <p class='ocr_par' dir='ltr' id='par_1_16' title="bbox 274 2275 1166 2369">
     <span class='ocr_line' id='line_1_17' title="bbox 274 2275 1166 2369; baseline -0.011 -23"><span class='ocrx_word' id='word_1_108' title='bbox 274 2283 350 2346; x_wconf 89' lang='lat' dir='ltr'><strong>Heu</strong></span> <span class='ocrx_word' id='word_1_109' title='bbox 362 2280 473 2360; x_wconf 88' lang='lat' dir='ltr'><strong>furiae,</strong></span> <span class='ocrx_word' id='word_1_110' title='bbox 485 2303 570 2345; x_wconf 92' lang='lat' dir='ltr'><strong>num</strong></span> <span class='ocrx_word' id='word_1_111' title='bbox 581 2293 692 2346; x_wconf 83' lang='lat' dir='ltr'><strong>totum</strong></span> <span class='ocrx_word' id='word_1_112' title='bbox 703 2277 784 2344; x_wconf 85' lang='lat' dir='ltr'><strong>abiit</strong></span> <span class='ocrx_word' id='word_1_113' title='bbox 795 2279 831 2344; x_wconf 92' lang='lat' dir='ltr'><strong>in</strong></span> <span class='ocrx_word' id='word_1_114' title='bbox 844 2298 986 2369; x_wconf 86' lang='lat' dir='ltr'><strong>corpora</strong></span> <span class='ocrx_word' id='word_1_115' title='bbox 996 2275 1166 2342; x_wconf 79' lang='lat' dir='ltr'><strong>ferrum?»</strong></span> 
     </span>
    </p>
   </div>
   <div class='ocr_carea' id='block_1_3' title="bbox 225 2440 1283 4268">
    <p class='ocr_par' dir='ltr' id='par_1_17' title="bbox 225 2440 1283 4268">
     <span class='ocr_line' id='line_1_18' title="bbox 261 2440 1279 2517; baseline -0.004 -19"><span class='ocrx_word' id='word_1_116' title='bbox 261 2443 731 2517; x_wconf 71' lang='lat' dir='ltr'><strong>616.ExaudtsaparenusVosa‚ma·</strong></span> <span class='ocrx_word' id='word_1_117' title='bbox 774 2443 911 2508; x_wconf 82' lang='lat' dir='ltr'><strong>scribunt,</strong></span> <span class='ocrx_word' id='word_1_118' title='bbox 931 2461 1011 2514; x_wconf 82' lang='lat' dir='ltr'><strong>quam</strong></span> <span class='ocrx_word' id='word_1_119' title='bbox 1030 2440 1088 2494; x_wconf 79' lang='lat' dir='ltr'><strong>sibi.</strong></span> <span class='ocrx_word' id='word_1_120' title='bbox 1105 2440 1172 2494; x_wconf 85' lang='lat' dir='ltr'><strong>Vide</strong></span> <span class='ocrx_word' id='word_1_121' title='bbox 1189 2459 1279 2514; x_wconf 86' lang='lat' dir='ltr'><strong>supra.</strong></span> 
     </span>
     <span class='ocr_line' id='line_1_19' title="bbox 226 2521 1281 2596; baseline -0.002 -21"><span class='ocrx_word' id='word_1_122' title='bbox 226 2522 309 2595; x_wconf 71' lang='lat' dir='ltr'><strong>litque</strong></span> <span class='ocrx_word' id='word_1_123' title='bbox 317 2541 410 2594; x_wconf 80' lang='lat' dir='ltr'><strong>preces.</strong></span> <span class='ocrx_word' id='word_1_124' title='bbox 420 2521 506 2578; x_wconf 77' lang='lat' dir='ltr'><strong>Liberi</strong></span> <span class='ocrx_word' id='word_1_125' title='bbox 518 2527 630 2578; x_wconf 82' lang='lat' dir='ltr'><strong>maxime</strong></span> <span class='ocrx_word' id='word_1_126' title='bbox 639 2537 731 2580; x_wconf 78' lang='lat' dir='ltr'><strong>essere</strong></span> <span class='ocrx_word' id='word_1_127' title='bbox 810 2524 870 2578; x_wconf 77' lang='lat'><strong>623.</strong></span> <span class='ocrx_word' id='word_1_128' title='bbox 876 2525 932 2576; x_wconf 83' lang='lat' dir='ltr'><strong>Nec</strong></span> <span class='ocrx_word' id='word_1_129' title='bbox 938 2524 1003 2576; x_wconf 80' lang='lat' dir='ltr'><strong>irata</strong></span> <span class='ocrx_word' id='word_1_130' title='bbox 1004 2521 1281 2596; x_wconf 65' lang='lat' dir='ltr'><strong>fqptasmetaiunum·</strong></span> 
     </span>
     <span class='ocr_line' id='line_1_20' title="bbox 225 2599 1281 2675; baseline -0.002 -19"><span class='ocrx_word' id='word_1_131' title='bbox 225 2601 339 2668; x_wconf 84' lang='lat' dir='ltr'><strong>debent,</strong></span> <span class='ocrx_word' id='word_1_132' title='bbox 351 2622 385 2655; x_wconf 84' lang='lat' dir='ltr'><strong>ue</strong></span> <span class='ocrx_word' id='word_1_133' title='bbox 397 2615 543 2673; x_wconf 77' lang='lat' dir='ltr'><strong>provocent</strong></span> <span class='ocrx_word' id='word_1_134' title='bbox 554 2607 618 2656; x_wconf 85' lang='lat' dir='ltr'><strong>iram</strong></span> <span class='ocrx_word' id='word_1_135' title='bbox 633 2620 730 2675; x_wconf 85' lang='lat' dir='ltr'><strong>poteu·</strong></span> <span class='ocrx_word' id='word_1_136' title='bbox 777 2606 829 2658; x_wconf 81' lang='lat' dir='ltr'><strong>bra.</strong></span> <span class='ocrx_word' id='word_1_137' title='bbox 838 2602 1028 2673; x_wconf 65' lang='lat' dir='ltr'><strong>VirgiliusAEn.</strong></span> <span class='ocrx_word' id='word_1_138' title='bbox 1038 2603 1082 2666; x_wconf 90' lang='lat' dir='ltr'><strong>lV,</strong></span> <span class='ocrx_word' id='word_1_139' title='bbox 1092 2619 1116 2652; x_wconf 88' lang='lat' dir='ltr'><strong>v.</strong></span> <span class='ocrx_word' id='word_1_140' title='bbox 1124 2599 1189 2654; x_wconf 76' lang='lat'><strong>³86:</strong></span> <span class='ocrx_word' id='word_1_141' title='bbox 1201 2605 1281 2656; x_wconf 75' lang='lat' dir='ltr'><strong>«Om-</strong></span> 
     </span>
     <span class='ocr_line' id='line_1_21' title="bbox 227 2681 1170 2754; baseline 0.001 -22"><span class='ocrx_word' id='word_1_142' title='bbox 227 2695 299 2733; x_wconf 85' lang='lat' dir='ltr'><strong>tum:</strong></span> <span class='ocrx_word' id='word_1_143' title='bbox 313 2684 372 2733; x_wconf 86' lang='lat' dir='ltr'><strong>irati</strong></span> <span class='ocrx_word' id='word_1_144' title='bbox 387 2683 456 2733; x_wconf 86' lang='lat' dir='ltr'><strong>enim</strong></span> <span class='ocrx_word' id='word_1_145' title='bbox 469 2696 611 2754; x_wconf 82' lang='lat' dir='ltr'><strong>erumpunt</strong></span> <span class='ocrx_word' id='word_1_146' title='bbox 628 2685 655 2734; x_wconf 89' lang='lat' dir='ltr'><strong>in</strong></span> <span class='ocrx_word' id='word_1_147' title='bbox 671 2697 731 2737; x_wconf 80' lang='lat' dir='ltr'><strong>vota</strong></span> <span class='ocrx_word' id='word_1_148' title='bbox 776 2685 855 2738; x_wconf 87' lang='lat' dir='ltr'><strong>nibus</strong></span> <span class='ocrx_word' id='word_1_149' title='bbox 869 2681 963 2736; x_wconf 80' lang='lat' dir='ltr'><strong>umbre</strong></span> <span class='ocrx_word' id='word_1_150' title='bbox 977 2681 1043 2734; x_wconf 86' lang='lat' dir='ltr'><strong>loeis</strong></span> <span class='ocrx_word' id='word_1_151' title='bbox 1058 2681 1170 2736; x_wconf 77' lang='lat' dir='ltr'><strong>adero.-</strong></span> 
     </span>
     <span class='ocr_line' id='line_1_22' title="bbox 226 2759 1281 2833; baseline -0.001 -20"><span class='ocrx_word' id='word_1_152' title='bbox 226 2760 733 2833; x_wconf 75' lang='lat' dir='ltr'><strong>oontrefilios,qutenirniurnexaudiun-</strong></span> <span class='ocrx_word' id='word_1_153' title='bbox 811 2763 872 2833; x_wconf 76' lang='lat'><strong>627.</strong></span> <span class='ocrx_word' id='word_1_154' title='bbox 894 2761 970 2813; x_wconf 83' lang='lat' dir='ltr'><strong>Talia</strong></span> <span class='ocrx_word' id='word_1_155' title='bbox 979 2761 1120 2832; x_wconf 80' lang='lat' dir='ltr'><strong>dequestus.</strong></span> <span class='ocrx_word' id='word_1_156' title='bbox 1133 2759 1210 2812; x_wconf 83' lang='lat' dir='ltr'><strong>Talia</strong></span> <span class='ocrx_word' id='word_1_157' title='bbox 1219 2781 1281 2814; x_wconf 82' lang='lat' dir='ltr'><strong>eon·</strong></span> 
     </span>
     <span class='ocr_line' id='line_1_23' title="bbox 226 2839 1281 2916; baseline -0.006 -18"><span class='ocrx_word' id='word_1_158' title='bbox 226 2843 516 2908; x_wconf 80' lang='lat' dir='ltr'><strong>tusaDeo,utconstat</strong></span> <span class='ocrx_word' id='word_1_159' title='bbox 520 2842 640 2914; x_wconf 84' lang='lat' dir='ltr'><strong>pluribus</strong></span> <span class='ocrx_word' id='word_1_160' title='bbox 648 2861 733 2896; x_wconf 85' lang='lat' dir='ltr'><strong>exem·</strong></span> <span class='ocrx_word' id='word_1_161' title='bbox 775 2856 883 2916; x_wconf 80' lang='lat' dir='ltr'><strong>questus·</strong></span> <span class='ocrx_word' id='word_1_162' title='bbox 897 2839 976 2893; x_wconf 85' lang='lat' dir='ltr'><strong>Aldd.</strong></span> <span class='ocrx_word' id='word_1_163' title='bbox 990 2840 1077 2893; x_wconf 88' lang='lat' dir='ltr'><strong>Golin.</strong></span> <span class='ocrx_word' id='word_1_164' title='bbox 1087 2839 1187 2912; x_wconf 75' lang='lat' dir='ltr'><strong>Gryph.</strong></span> <span class='ocrx_word' id='word_1_165' title='bbox 1198 2854 1225 2891; x_wconf 83' lang='lat' dir='ltr'><strong>et</strong></span> <span class='ocrx_word' id='word_1_166' title='bbox 1233 2841 1281 2892; x_wconf 86' lang='lat' dir='ltr'><strong>Ba·</strong></span> 
     </span>
     <span class='ocr_line' id='line_1_24' title="bbox 226 2919 1279 2996; baseline -0.003 -22"><span class='ocrx_word' id='word_1_167' title='bbox 226 2922 292 2996; x_wconf 84' lang='lat' dir='ltr'><strong>plis,</strong></span> <span class='ocrx_word' id='word_1_168' title='bbox 305 2922 359 2976; x_wconf 90' lang='lat' dir='ltr'><strong>seil.</strong></span> <span class='ocrx_word' id='word_1_169' title='bbox 372 2923 477 2976; x_wconf 82' lang='lat' dir='ltr'><strong>Thesei.</strong></span> <span class='ocrx_word' id='word_1_170' title='bbox 776 2923 816 2976; x_wconf 88' lang='lat' dir='ltr'><strong>sil.</strong></span> <span class='ocrx_word' id='word_1_171' title='bbox 838 2921 916 2974; x_wconf 78' lang='lat' dir='ltr'><strong>Talin</strong></span> <span class='ocrx_word' id='word_1_172' title='bbox 936 2921 1075 2991; x_wconf 81' lang='lat' dir='ltr'><strong>dequestus.</strong></span> <span class='ocrx_word' id='word_1_173' title='bbox 1097 2919 1178 2989; x_wconf 73' lang='lat' dir='ltr'><strong>Lauq.</strong></span> <span class='ocrx_word' id='word_1_174' title='bbox 1200 2920 1279 2971; x_wconf 82' lang='lat' dir='ltr'><strong>Laus.</strong></span> 
     </span>
     <span class='ocr_line' id='line_1_25' title="bbox 263 2999 1280 3072; baseline -0.003 -17"><span class='ocrx_word' id='word_1_175' title='bbox 263 3003 325 3071; x_wconf 78' lang='lat'><strong>619.</strong></span> <span class='ocrx_word' id='word_1_176' title='bbox 339 3001 535 3072; x_wconf 74' lang='lat' dir='ltr'><strong>Dietavitsatis.</strong></span> <span class='ocrx_word' id='word_1_177' title='bbox 549 3003 585 3054; x_wconf 88' lang='lat' dir='ltr'><strong>Ut</strong></span> <span class='ocrx_word' id='word_1_178' title='bbox 599 3002 732 3054; x_wconf 81' lang='lat' dir='ltr'><strong>evenirent</strong></span> <span class='ocrx_word' id='word_1_179' title='bbox 776 3001 874 3056; x_wconf 90' lang='lat' dir='ltr'><strong>Buslid.</strong></span> <span class='ocrx_word' id='word_1_180' title='bbox 889 3003 1004 3072; x_wconf 81' lang='lat' dir='ltr'><strong>Lipsien.</strong></span> <span class='ocrx_word' id='word_1_181' title='bbox 1020 3001 1086 3052; x_wconf 82' lang='lat' dir='ltr'><strong>Dan.</strong></span> <span class='ocrx_word' id='word_1_182' title='bbox 1102 3002 1160 3052; x_wconf 88' lang='lat' dir='ltr'><strong>Put.</strong></span> <span class='ocrx_word' id='word_1_183' title='bbox 1177 2999 1280 3054; x_wconf 87' lang='lat' dir='ltr'><strong>Bebott.</strong></span> 
     </span>
     <span class='ocr_line' id='line_1_26' title="bbox 227 3080 1279 3153; baseline -0.003 -18"><span class='ocrx_word' id='word_1_184' title='bbox 227 3080 343 3135; x_wconf 76' lang='lat' dir='ltr'><strong>fataliter</strong></span> <span class='ocrx_word' id='word_1_185' title='bbox 356 3083 428 3133; x_wconf 84' lang='lat' dir='ltr'><strong>feeit.</strong></span> <span class='ocrx_word' id='word_1_186' title='bbox 780 3100 803 3147; x_wconf 85' lang='grc' dir='ltr'><strong>ι,</strong></span> <span class='ocrx_word' id='word_1_187' title='bbox 820 3101 848 3148; x_wconf 83' lang='lat'><strong>2,</strong></span> <span class='ocrx_word' id='word_1_188' title='bbox 860 3093 886 3134; x_wconf 84' lang='lat' dir='ltr'><strong>et</strong></span> <span class='ocrx_word' id='word_1_189' title='bbox 898 3081 959 3133; x_wconf 90' lang='lat' dir='ltr'><strong>edd.</strong></span> <span class='ocrx_word' id='word_1_190' title='bbox 970 3093 1081 3132; x_wconf 85' lang='lat' dir='ltr'><strong>receutt.</strong></span> <span class='ocrx_word' id='word_1_191' title='bbox 1089 3080 1279 3153; x_wconf 76' lang='lat' dir='ltr'><strong>-Deqnestus</strong></span> 
     </span>
     <span class='ocr_line' id='line_1_27' title="bbox 264 3151 1279 3233; baseline -0.004 -19"><span class='ocrx_word' id='word_1_192' title='bbox 264 3161 326 3214; x_wconf 74' lang='lat'><strong>6²0.</strong></span> <span class='ocrx_word' id='word_1_193' title='bbox 345 3163 381 3214; x_wconf 84' lang='lat' dir='ltr'><strong>Et</strong></span> <span class='ocrx_word' id='word_1_194' title='bbox 397 3171 473 3232; x_wconf 85' lang='lat' dir='ltr'><strong>pater</strong></span> <span class='ocrx_word' id='word_1_195' title='bbox 486 3173 511 3213; x_wconf 88' lang='lat' dir='ltr'><strong>et</strong></span> <span class='ocrx_word' id='word_1_196' title='bbox 524 3160 646 3233; x_wconf 77' lang='lat' dir='ltr'><strong>penitrt&#39;x.</strong></span> <span class='ocrx_word' id='word_1_197' title='bbox 663 3160 732 3227; x_wconf 81' lang='lat' dir='ltr'><strong>Quia</strong></span> <span class='ocrx_word' id='word_1_198' title='bbox 776 3151 911 3232; x_wconf 76' lang='lat' dir='ltr'><strong>Frequens</strong></span> <span class='ocrx_word' id='word_1_199' title='bbox 923 3161 1033 3230; x_wconf 82' lang='lat' dir='ltr'><strong>Papinio</strong></span> <span class='ocrx_word' id='word_1_200' title='bbox 1043 3158 1152 3233; x_wconf 83' lang='lat' dir='ltr'><strong>verbnm</strong></span> <span class='ocrx_word' id='word_1_201' title='bbox 1162 3158 1208 3210; x_wconf 87' lang='lat' dir='ltr'><strong>lib.</strong></span> <span class='ocrx_word' id='word_1_202' title='bbox 1218 3161 1230 3210; x_wconf 97' lang='grc' dir='ltr'>Ι</span> <span class='ocrx_word' id='word_1_203' title='bbox 1235 3197 1244 3226; x_wconf 90' lang='lat'><strong>,</strong></span> <span class='ocrx_word' id='word_1_204' title='bbox 1255 3179 1279 3211; x_wconf 88' lang='lat' dir='ltr'><strong>v.</strong></span> 
     </span>
     <span class='ocr_line' id='line_1_28' title="bbox 229 3238 1281 3310; baseline 0 -16"><span class='ocrx_word' id='word_1_205' title='bbox 229 3240 406 3294; x_wconf 77' lang='lat' dir='ltr'><strong>sceleratusin</strong></span> <span class='ocrx_word' id='word_1_206' title='bbox 415 3239 465 3292; x_wconf 89' lang='lat' dir='ltr'><strong>hos</strong></span> <span class='ocrx_word' id='word_1_207' title='bbox 473 3241 587 3306; x_wconf 79' lang='lat' dir='ltr'><strong>fueram,</strong></span> <span class='ocrx_word' id='word_1_208' title='bbox 596 3257 732 3310; x_wconf 71' lang='lat' dir='ltr'><strong>regnoque</strong></span> <span class='ocrx_word' id='word_1_209' title='bbox 776 3241 842 3308; x_wconf 65' lang='lat'><strong>4042</strong></span> <span class='ocrx_word' id='word_1_210' title='bbox 855 3239 1034 3309; x_wconf 73' lang='lat' dir='ltr'><strong>asimilesque</strong></span> <span class='ocrx_word' id='word_1_211' title='bbox 1045 3251 1124 3292; x_wconf 88' lang='lat' dir='ltr'><strong>notos</strong></span> <span class='ocrx_word' id='word_1_212' title='bbox 1137 3238 1281 3310; x_wconf 76' lang='lat' dir='ltr'><strong>dequestus</strong></span> 
     </span>
     <span class='ocr_line' id='line_1_29' title="bbox 227 3319 1278 3392; baseline -0.001 -19"><span class='ocrx_word' id='word_1_213' title='bbox 227 3339 244 3373; x_wconf 79' lang='lat' dir='ltr'><strong>a</strong></span> <span class='ocrx_word' id='word_1_214' title='bbox 260 3319 320 3374; x_wconf 83' lang='lat' dir='ltr'><strong>filiis</strong></span> <span class='ocrx_word' id='word_1_215' title='bbox 338 3323 436 3391; x_wconf 83' lang='lat' dir='ltr'><strong>ejectus</strong></span> <span class='ocrx_word' id='word_1_216' title='bbox 455 3332 481 3372; x_wconf 90' lang='lat' dir='ltr'><strong>et</strong></span> <span class='ocrx_word' id='word_1_217' title='bbox 497 3319 590 3371; x_wconf 85' lang='lat' dir='ltr'><strong>oeulos</strong></span> <span class='ocrx_word' id='word_1_218' title='bbox 608 3331 731 3389; x_wconf 80' lang='lat' dir='ltr'><strong>pretores</strong></span> <span class='ocrx_word' id='word_1_219' title='bbox 777 3336 804 3375; x_wconf 82' lang='lat' dir='ltr'><strong>st</strong></span> <span class='ocrx_word' id='word_1_220' title='bbox 816 3321 947 3374; x_wconf 75' lang='lat' dir='ltr'><strong>imbres·</strong></span> <span class='ocrx_word' id='word_1_221' title='bbox 964 3319 1088 3374; x_wconf 82' lang='lat' dir='ltr'><strong>Sidonius</strong></span> <span class='ocrx_word' id='word_1_222' title='bbox 1102 3319 1151 3372; x_wconf 91' lang='lat' dir='ltr'><strong>lib.</strong></span> <span class='ocrx_word' id='word_1_223' title='bbox 1166 3319 1217 3386; x_wconf 82' lang='lat' dir='ltr'><strong>tx,</strong></span> <span class='ocrx_word' id='word_1_224' title='bbox 1230 3321 1278 3392; x_wconf 82' lang='lat' dir='ltr'><strong>Ep.</strong></span> 
     </span>
     <span class='ocr_line' id='line_1_30' title="bbox 227 3399 1282 3472; baseline 0.001 -19"><span class='ocrx_word' id='word_1_225' title='bbox 227 3402 366 3454; x_wconf 80' lang='lat' dir='ltr'><strong>amiseram</strong></span> <span class='ocrx_word' id='word_1_226' title='bbox 385 3401 412 3450; x_wconf 88' lang='lat' dir='ltr'><strong>in</strong></span> <span class='ocrx_word' id='word_1_227' title='bbox 431 3399 548 3451; x_wconf 84' lang='lat' dir='ltr'><strong>furorem</strong></span> <span class='ocrx_word' id='word_1_228' title='bbox 564 3415 668 3463; x_wconf 82' lang='lat' dir='ltr'><strong>versus,</strong></span> <span class='ocrx_word' id='word_1_229' title='bbox 685 3417 734 3470; x_wconf 82' lang='lat' dir='ltr'><strong>per</strong></span> <span class='ocrx_word' id='word_1_230' title='bbox 776 3419 808 3472; x_wconf 79' lang='lat'><strong>9²</strong></span> <span class='ocrx_word' id='word_1_231' title='bbox 824 3401 965 3472; x_wconf 71' lang='lat' dir='ltr'><strong>aLongutn</strong></span> <span class='ocrx_word' id='word_1_232' title='bbox 975 3413 1063 3453; x_wconf 83' lang='lat' dir='ltr'><strong>tacere</strong></span> <span class='ocrx_word' id='word_1_233' title='bbox 1074 3419 1138 3468; x_wconf 80' lang='lat' dir='ltr'><strong>nos,</strong></span> <span class='ocrx_word' id='word_1_234' title='bbox 1149 3403 1189 3452; x_wconf 80' lang='lat' dir='ltr'><strong>vir</strong></span> <span class='ocrx_word' id='word_1_235' title='bbox 1199 3418 1282 3454; x_wconf 78' lang='lat' dir='ltr'><strong>sacra·</strong></span> 
     </span>
     <span class='ocr_line' id='line_1_31' title="bbox 227 3469 1280 3552; baseline 0.001 -21"><span class='ocrx_word' id='word_1_236' title='bbox 227 3497 288 3532; x_wconf 78' lang='lat' dir='ltr'><strong>eum</strong></span> <span class='ocrx_word' id='word_1_237' title='bbox 297 3478 391 3531; x_wconf 84' lang='lat' dir='ltr'><strong>devovi</strong></span> <span class='ocrx_word' id='word_1_238' title='bbox 401 3477 469 3530; x_wconf 85' lang='lat' dir='ltr'><strong>filios</strong></span> <span class='ocrx_word' id='word_1_239' title='bbox 479 3496 561 3530; x_wconf 79' lang='lat' dir='ltr'><strong>meos.</strong></span> <span class='ocrx_word' id='word_1_240' title='bbox 571 3477 647 3530; x_wconf 88' lang='lat' dir='ltr'><strong>Unde</strong></span> <span class='ocrx_word' id='word_1_241' title='bbox 660 3479 682 3529; x_wconf 89' lang='lat' dir='ltr'><strong>si</strong></span> <span class='ocrx_word' id='word_1_242' title='bbox 690 3480 733 3547; x_wconf 85' lang='lat' dir='ltr'><strong>jn·</strong></span> <span class='ocrx_word' id='word_1_243' title='bbox 777 3469 1214 3552; x_wconf 80' lang='lat' dir='ltr'><strong>tissime,iueommunedequestus</strong></span> <span class='ocrx_word' id='word_1_244' title='bbox 1222 3497 1259 3532; x_wconf 85' lang='lat' dir='ltr'><strong>es.</strong></span> <span class='ocrx_word' id='word_1_245' title='bbox 1268 3502 1280 3526; x_wconf 76' lang='grc' dir='ltr'>ι</span> 
     </span>
     <span class='ocr_line' id='line_1_32' title="bbox 226 3557 1280 3630; baseline -0.002 -17"><span class='ocrx_word' id='word_1_246' title='bbox 226 3562 261 3613; x_wconf 80' lang='lat' dir='ltr'><strong>sti</strong></span> <span class='ocrx_word' id='word_1_247' title='bbox 271 3561 392 3626; x_wconf 77' lang='lat' dir='ltr'><strong>fuissent,</strong></span> <span class='ocrx_word' id='word_1_248' title='bbox 403 3560 446 3612; x_wconf 89' lang='lat' dir='ltr'><strong>Dii</strong></span> <span class='ocrx_word' id='word_1_249' title='bbox 458 3557 734 3610; x_wconf 80' lang='lat' dir='ltr'><strong>debebantottendere</strong></span> <span class='ocrx_word' id='word_1_250' title='bbox 778 3558 845 3610; x_wconf 79' lang='lat' dir='ltr'><strong>vide</strong></span> <span class='ocrx_word' id='word_1_251' title='bbox 856 3575 882 3630; x_wconf 88' lang='lat' dir='ltr'><strong>p.</strong></span> <span class='ocrx_word' id='word_1_252' title='bbox 896 3557 961 3622; x_wconf 83' lang='lat'><strong>663,</strong></span> <span class='ocrx_word' id='word_1_253' title='bbox 974 3571 1039 3609; x_wconf 86' lang='lat' dir='ltr'><strong>tom.</strong></span> <span class='ocrx_word' id='word_1_254' title='bbox 1053 3560 1064 3608; x_wconf 97' lang='lat' dir='ltr'><strong>l</strong></span> <span class='ocrx_word' id='word_1_255' title='bbox 1076 3559 1140 3610; x_wconf 81' lang='lat' dir='ltr'><strong>Stat.</strong></span> <span class='ocrx_word' id='word_1_256' title='bbox 1151 3570 1220 3610; x_wconf 90' lang='lat' dir='ltr'><strong>nost.</strong></span> <span class='ocrx_word' id='word_1_257' title='bbox 1233 3559 1280 3611; x_wconf 83' lang='lat' dir='ltr'><strong>En.</strong></span> 
     </span>
     <span class='ocr_line' id='line_1_33' title="bbox 227 3637 1283 3710; baseline -0.002 -18"><span class='ocrx_word' id='word_1_258' title='bbox 227 3637 734 3710; x_wconf 73' lang='lat' dir='ltr'><strong>nonutmeas,sedl·&#39;urierumipsasnm</strong></span> <span class='ocrx_word' id='word_1_259' title='bbox 815 3637 876 3707; x_wconf 62' lang='lat'><strong>629</strong></span> <span class='ocrx_word' id='word_1_260' title='bbox 898 3637 1046 3706; x_wconf 59' lang='lat' dir='ltr'><strong>Qoemtm</strong></span> <span class='ocrx_word' id='word_1_261' title='bbox 1061 3638 1105 3690; x_wconf 84' lang='lat' dir='ltr'><strong>sed</strong></span> <span class='ocrx_word' id='word_1_262' title='bbox 1118 3649 1187 3690; x_wconf 81' lang='lat' dir='ltr'><strong>casta</strong></span> <span class='ocrx_word' id='word_1_263' title='bbox 1202 3655 1283 3690; x_wconf 80' lang='lat' dir='ltr'><strong>manu</strong></span> 
     </span>
     <span class='ocr_line' id='line_1_34' title="bbox 227 3715 1283 3791; baseline 0 -21"><span class='ocrx_word' id='word_1_264' title='bbox 227 3736 322 3784; x_wconf 78' lang='lat' dir='ltr'><strong>voees,</strong></span> <span class='ocrx_word' id='word_1_265' title='bbox 334 3720 466 3791; x_wconf 81' lang='lat' dir='ltr'><strong>nequeita</strong></span> <span class='ocrx_word' id='word_1_266' title='bbox 479 3716 733 3788; x_wconf 66' lang='lat' dir='ltr'><strong>cnsdetiqaertctdio</strong></span> <span class='ocrx_word' id='word_1_267' title='bbox 777 3715 933 3769; x_wconf 76' lang='lat' dir='ltr'><strong>subtraxerat</strong></span> <span class='ocrx_word' id='word_1_268' title='bbox 945 3733 1030 3769; x_wconf 76' lang='lat' dir='ltr'><strong>enses.</strong></span> <span class='ocrx_word' id='word_1_269' title='bbox 1054 3715 1227 3768; x_wconf 82' lang='lat' dir='ltr'><strong>Marlluodus</strong></span> <span class='ocrx_word' id='word_1_270' title='bbox 1248 3715 1283 3768; x_wconf 80' lang='lat' dir='ltr'><strong>ad</strong></span> 
     </span>
     <span class='ocr_line' id='line_1_35' title="bbox 229 3794 1283 3863; baseline -0.004 -12"><span class='ocrx_word' id='word_1_271' title='bbox 229 3815 274 3851; x_wconf 79' lang='lat' dir='ltr'><strong>sos</strong></span> <span class='ocrx_word' id='word_1_272' title='bbox 287 3800 443 3850; x_wconf 87' lang='lat' dir='ltr'><strong>innocenter</strong></span> <span class='ocrx_word' id='word_1_273' title='bbox 453 3795 487 3848; x_wconf 80' lang='lat' dir='ltr'><strong>de</strong></span> <span class='ocrx_word' id='word_1_274' title='bbox 499 3795 697 3850; x_wconf 79' lang='lat' dir='ltr'><strong>mediotollere.</strong></span> <span class='ocrx_word' id='word_1_275' title='bbox 777 3795 836 3847; x_wconf 78' lang='lat' dir='ltr'><strong>silv.</strong></span> <span class='ocrx_word' id='word_1_276' title='bbox 851 3795 898 3860; x_wconf 82' lang='lat' dir='ltr'><strong>lli,</strong></span> <span class='ocrx_word' id='word_1_277' title='bbox 912 3794 941 3859; x_wconf 67' lang='grc'><strong>4,</strong></span> <span class='ocrx_word' id='word_1_278' title='bbox 955 3796 1003 3863; x_wconf 87' lang='lat'><strong>87,</strong></span> <span class='ocrx_word' id='word_1_279' title='bbox 1013 3795 1142 3846; x_wconf 72' lang='lat' dir='ltr'><strong>contexite</strong></span> <span class='ocrx_word' id='word_1_280' title='bbox 1153 3797 1197 3848; x_wconf 88' lang='lat' dir='ltr'><strong>sed</strong></span> <span class='ocrx_word' id='word_1_281' title='bbox 1207 3807 1283 3848; x_wconf 79' lang='lat' dir='ltr'><strong>eastta</strong></span> 
     </span>
     <span class='ocr_line' id='line_1_36' title="bbox 263 3874 1283 3949; baseline -0.002 -19"><span class='ocrx_word' id='word_1_282' title='bbox 263 3877 324 3930; x_wconf 77' lang='lat'><strong>621.</strong></span> <span class='ocrx_word' id='word_1_283' title='bbox 344 3875 393 3930; x_wconf 84' lang='lat' dir='ltr'><strong>Nil</strong></span> <span class='ocrx_word' id='word_1_284' title='bbox 412 3895 475 3949; x_wconf 75' lang='lat' dir='ltr'><strong>epo.-</strong></span> <span class='ocrx_word' id='word_1_285' title='bbox 492 3895 541 3948; x_wconf 83' lang='lat' dir='ltr'><strong>per</strong></span> <span class='ocrx_word' id='word_1_286' title='bbox 557 3877 662 3941; x_wconf 61' lang='lat' dir='ltr'><strong>Ditem</strong></span> <span class='ocrx_word' id='word_1_287' title='bbox 681 3891 731 3930; x_wconf 86' lang='lat' dir='ltr'><strong>ete.</strong></span> <span class='ocrx_word' id='word_1_288' title='bbox 777 3895 868 3927; x_wconf 79' lang='lat' dir='ltr'><strong>manu.</strong></span> <span class='ocrx_word' id='word_1_289' title='bbox 886 3874 1029 3947; x_wconf 75' lang='lat' dir='ltr'><strong>sl’lerique</strong></span> <span class='ocrx_word' id='word_1_290' title='bbox 1041 3877 1212 3944; x_wconf 85' lang='lat' dir='ltr'><strong>manuscripti</strong></span> <span class='ocrx_word' id='word_1_291' title='bbox 1223 3876 1283 3928; x_wconf 89' lang='lat' dir='ltr'><strong>libri</strong></span> 
     </span>
     <span class='ocr_line' id='line_1_37' title="bbox 228 3954 1283 4033; baseline -0.003 -23"><span class='ocrx_word' id='word_1_292' title='bbox 228 3959 356 4033; x_wconf 74' lang='lat' dir='ltr'><strong>Hoeceqo.</strong></span> <span class='ocrx_word' id='word_1_293' title='bbox 367 3960 536 4028; x_wconf 77' lang='lat' dir='ltr'><strong>Fut—Req.</strong></span> <span class='ocrx_word' id='word_1_294' title='bbox 547 3956 656 4009; x_wconf 80' lang='lat' dir='ltr'><strong>Rbabet</strong></span> <span class='ocrx_word' id='word_1_295' title='bbox 666 3977 733 4010; x_wconf 84' lang='lat' dir='ltr'><strong>earn·</strong></span> <span class='ocrx_word' id='word_1_296' title='bbox 778 3955 876 4008; x_wconf 80' lang='lat' dir='ltr'><strong>babent</strong></span> <span class='ocrx_word' id='word_1_297' title='bbox 895 3955 1051 4027; x_wconf 80' lang='lat' dir='ltr'><strong>subrepserat</strong></span> <span class='ocrx_word' id='word_1_298' title='bbox 1057 3976 1067 4018; x_wconf 90' lang='lat'><strong>‚·</strong></span> <span class='ocrx_word' id='word_1_299' title='bbox 1082 3954 1155 4027; x_wconf 89' lang='lat' dir='ltr'><strong>quod</strong></span> <span class='ocrx_word' id='word_1_300' title='bbox 1172 3957 1283 4008; x_wconf 77' lang='lat' dir='ltr'><strong>fortasse</strong></span> 
     </span>
     <span class='ocr_line' id='line_1_38' title="bbox 228 4034 1282 4108; baseline -0.001 -21"><span class='ocrx_word' id='word_1_301' title='bbox 228 4035 290 4088; x_wconf 88' lang='lat' dir='ltr'><strong>dem</strong></span> <span class='ocrx_word' id='word_1_302' title='bbox 309 4035 370 4087; x_wconf 82' lang='lat' dir='ltr'><strong>leet.</strong></span> <span class='ocrx_word' id='word_1_303' title='bbox 387 4037 442 4106; x_wconf 77' lang='lat' dir='ltr'><strong>Reg</strong></span> <span class='ocrx_word' id='word_1_304' title='bbox 458 4037 479 4088; x_wconf 89' lang='lat' dir='ltr'>C</span> <span class='ocrx_word' id='word_1_305' title='bbox 497 4048 623 4088; x_wconf 79' lang='lat' dir='ltr'><strong>nostrum.</strong></span> <span class='ocrx_word' id='word_1_306' title='bbox 641 4036 688 4086; x_wconf 84' lang='lat' dir='ltr'><strong>En.</strong></span> <span class='ocrx_word' id='word_1_307' title='bbox 698 4065 734 4078; x_wconf 85' lang='lat'><strong>—-</strong></span> <span class='ocrx_word' id='word_1_308' title='bbox 778 4055 811 4090; x_wconf 84' lang='lat' dir='ltr'><strong>ex</strong></span> <span class='ocrx_word' id='word_1_309' title='bbox 821 4046 991 4108; x_wconf 78' lang='lat' dir='ltr'><strong>suppresserat</strong></span> <span class='ocrx_word' id='word_1_310' title='bbox 1001 4049 1101 4087; x_wconf 79' lang='lat' dir='ltr'><strong>natum.</strong></span> <span class='ocrx_word' id='word_1_311' title='bbox 1113 4034 1282 4087; x_wconf 83' lang='lat' dir='ltr'><strong>Nibiltamen</strong></span> 
     </span>
     <span class='ocr_line' id='line_1_39' title="bbox 228 4114 1250 4190; baseline -0.002 -22"><span class='ocrx_word' id='word_1_312' title='bbox 228 4115 280 4168; x_wconf 76' lang='lat' dir='ltr'><strong>Nil</strong></span> <span class='ocrx_word' id='word_1_313' title='bbox 297 4133 352 4190; x_wconf 70' lang='lat' dir='ltr'><strong>eqo.</strong></span> <span class='ocrx_word' id='word_1_314' title='bbox 369 4117 460 4167; x_wconf 82' lang='lat' dir='ltr'><strong>Miseri</strong></span> <span class='ocrx_word' id='word_1_315' title='bbox 476 4118 544 4168; x_wconf 85' lang='lat' dir='ltr'><strong>enim</strong></span> <span class='ocrx_word' id='word_1_316' title='bbox 564 4129 591 4167; x_wconf 89' lang='lat' dir='ltr'><strong>et</strong></span> <span class='ocrx_word' id='word_1_317' title='bbox 609 4129 734 4168; x_wconf 83' lang='lat' dir='ltr'><strong>nocentes</strong></span> <span class='ocrx_word' id='word_1_318' title='bbox 779 4115 917 4186; x_wconf 68' lang='lat' dir='ltr'><strong>evulgata</strong></span> <span class='ocrx_word' id='word_1_319' title='bbox 932 4114 1046 4168; x_wconf 83' lang='lat' dir='ltr'><strong>lectione</strong></span> <span class='ocrx_word' id='word_1_320' title='bbox 1058 4115 1224 4167; x_wconf 82' lang='lat' dir='ltr'><strong>mutandum.</strong></span> <span class='ocrx_word' id='word_1_321' title='bbox 1238 4135 1250 4160; x_wconf 76' lang='grc' dir='ltr'>ι</span> 
     </span>
     <span class='ocr_line' id='line_1_40' title="bbox 235 4193 1282 4268; baseline -0.007 -20"><span class='ocrx_word' id='word_1_322' title='bbox 235 4194 332 4248; x_wconf 81' lang='lat' dir='ltr'><strong>seelera</strong></span> <span class='ocrx_word' id='word_1_323' title='bbox 344 4198 489 4266; x_wconf 76' lang='lat' dir='ltr'><strong>enepotius</strong></span> <span class='ocrx_word' id='word_1_324' title='bbox 499 4197 554 4248; x_wconf 85' lang='lat' dir='ltr'><strong>Diis</strong></span> <span class='ocrx_word' id='word_1_325' title='bbox 564 4194 681 4268; x_wconf 74' lang='lat' dir='ltr'><strong>coeloque</strong></span> <span class='ocrx_word' id='word_1_326' title='bbox 692 4195 735 4248; x_wconf 86' lang='lat' dir='ltr'><strong>ad·</strong></span> <span class='ocrx_word' id='word_1_327' title='bbox 817 4196 878 4248; x_wconf 67' lang='lat'><strong>631.</strong></span> <span class='ocrx_word' id='word_1_328' title='bbox 898 4198 1024 4267; x_wconf 71' lang='lat' dir='ltr'><strong>Corpora.</strong></span> <span class='ocrx_word' id='word_1_329' title='bbox 1034 4193 1158 4246; x_wconf 86' lang='lat' dir='ltr'><strong>Filiorum</strong></span> <span class='ocrx_word' id='word_1_330' title='bbox 1174 4193 1282 4246; x_wconf 83' lang='lat' dir='ltr'><strong>scilieet.</strong></span> 
     </span>
    </p>
   </div>
   <div class='ocr_carea' id='block_1_4' title="bbox 1084 4285 1137 4350">
    <p class='ocr_par' dir='ltr' id='par_1_18' title="bbox 1084 4285 1137 4350">
     <span class='ocr_line' id='line_1_41' title="bbox 1084 4285 1137 4350; baseline 0 0"><span class='ocrx_word' id='word_1_331' title='bbox 1084 4285 1137 4350; x_wconf 82' lang='lat'><strong>26.</strong></span> 
     </span>
    </p>
   </div>
   <div class='ocr_carea' id='block_1_5' title="bbox 0 0 1656 5162">
    <p class='ocr_par' dir='ltr' id='par_1_19' title="bbox 0 0 1656 5162">
     <span class='ocr_line' id='line_1_42' title="bbox 0 0 1656 5162; baseline 0 0"><span class='ocrx_word' id='word_1_332' title='bbox 0 0 1656 5162; x_wconf 95' lang='lat' dir='ltr'><strong> </strong></span> 
     </span>
    </p>
   </div>
  </div>
 </body>
</html>
