3256 5160
595 522 739 628 ninnn
762 563 845 628 xu.
1181 565 1245 649 445

242 690 427 772 Deficiunt,
440 689 566 784 fixique
580 688 697 757 silent:
711 687 848 758 tandem
860 713 919 758 ora
931 695 1051 759 retexit

243 806 357 896 Argia,
369 825 562 896 corpusque
573 817 688 870 tamen
701 801 893 895 complexe,
906 804 1096 895 profaturt,

247 917 303 982 rSi
315 914 397 1010 quid
413 917 447 982 in
460 913 524 983 hoc
536 917 641 983 veteri
653 914 823 982 bellorum
836 917 1000 1007 sanguine
1011 939 1145 986 mecum
1189 971 1192 976 -

243 1027 433 1112 Quoesitura
445 1028 555 1109 venis,
569 1028 597 1094 si
608 1041 644 1094 tu
657 1049 793 1121 quoque
805 1023 891 1093 dura
902 1029 1054 1096 Creontis
1195 1041 1247 1112 ³75

242 1141 343 1204 Jussa
356 1139 471 1219 times,
484 1160 641 1229 possum,
655 1137 715 1205 tibi
727 1161 782 1204 me
794 1137 937 1220 confisa,
950 1138 1060 1206 fateri.

242 1251 274 1317 Si
286 1251 409 1316 misera
423 1273 475 1331 es,
489 1265 579 1318 certe
591 1249 747 1317 lacrimas
760 1248 976 1344 lamentaque
988 1274 1107 1334 cerno,
1209 1315 1213 1326 ,

243 1366 369 1454 Junge,
383 1387 461 1454 age,
471 1359 579 1455 junge
592 1362 711 1431 fidem:
725 1362 838 1456 proles
851 1387 912 1455 ego
926 1367 1014 1456 regis
1027 1364 1175 1432 Adrasti:

244 1477 323 1562 (Hei
335 1474 433 1541 mihi!
449 1499 533 1543 num
546 1479 622 1570 quis
633 1475 768 1563 edest?)
783 1479 853 1543 cari
867 1474 1037 1568 Polynicis
1048 1475 1093 1543 ad
1103 1479 1214 1568 ignes,
1235 1539 1242 1563 ἡ,

243 1588 314 1653 Etsi
325 1610 430 1678 regna
443 1603 567 1654 vetant.
581 1619 594 1648 n
612 1589 746 1680 Stupuit
756 1587 914 1655 Cadmeia
926 1589 1037 1681 virgo,
1194 1602 1246 1655 380

246 1699 491 1792 intremuitque
505 1698 622 1778 simul,
636 1696 873 1791 dicentemque
885 1714 1029 1790 occupat
1039 1696 1143 1765 ultro:
1236 1719 1243 1732 ·

250 1814 373 1875 «Mene
385 1811 487 1901 igitur
500 1812 628 1883 sociam
642 1815 721 1903 (pro
733 1833 806 1877 sors
819 1811 933 1899 ignara
943 1813 968 1894 l)
981 1808 1165 1890 malorum,

243 1922 344 1986 Mene
355 1920 473 1986 times?
484 1942 557 1986 mea
571 1919 726 1986 membra
737 1935 846 1999 tenen
858 1943 934 1986 mea
945 1917 1065 1986 funera
1077 1917 1220 2012 plangis.

244 2027 353 2114 Cedo,
366 2027 432 2097 ten'
445 2029 569 2122 pudet?
584 2029 651 2098 heu
663 2031 772 2123 pietus
784 2032 904 2122 ignave
917 2031 1056 2096 sororis!
1067 2059 1081 2089 n

233 2281 293 2352 372.
306 2282 340 2334 D.
346 2281 390 2355 fq.
400 2301 419 2335 r.
430 2283 535 2335 tandem
546 2301 591 2335 ora
601 2284 699 2336 retexit.
744 2283 833 2359 iqnes?
846 2284 882 2335 Et
894 2283 916 2334 si
932 2300 1024 2357 regna,
1040 2293 1089 2333 otc.
1105 2279 1167 2331 Non
1183 2277 1248 2330 elias

197 2363 272 2414 Unus
283 2361 375 2414 Behot.
389 2363 493 2415 tandem
506 2383 550 2417 ore
561 2363 672 2416 resolvit.
743 2365 875 2416 variantes
889 2362 916 2414 h.
929 2362 947 2414 l.
963 2358 1250 2437 inveni—Polynices

232 2442 295 2513 373.
309 2443 399 2516 Arqia.
413 2443 495 2516 Arete
505 2443 596 2514 legunt
608 2461 700 2496 ornnes
744 2444 781 2494 ad
793 2445 871 2514 iquos.
887 2440 1017 2496 subaudis
1032 2441 1099 2492 veni.
1120 2441 1216 2491 Btnrn.

87 2580 89 2588 Α
197 2520 275 2574 codd.
289 2522 396 2575 barthii.
780 2523 842 2575 380.
863 2523 985 2575 Cadmeia
998 2520 1077 2593 virgo.
1090 2520 1246 2589 Antigone„

233 2601 294 2671 377.
307 2602 337 2654 Si
349 2603 441 2654 misera
451 2621 483 2654 es.
495 2602 521 2654 Si
530 2621 604 2674 eque
616 2600 699 2673 luges.
782 2603 842 2655 382.
862 2604 942 2653 Mene
965 2601 1046 2675 iyitur
1064 2601 1159 2652 sociam
1183 2598 1249 2670 (pro

232 2681 294 2751 378.
313 2683 413 2754 Junqe,
430 2700 493 2754 αρε,
502 2685 588 2755 junye
597 2680 700 2754 fidemr
745 2696 797 2730 sors
815 2678 940 2753 iquoral)
961 2677 1101 2729 malorum.
1125 2679 1179 2728 «Et
1196 2676 1249 2728 hoo

195 2755 280 2828 proles
292 2777 340 2830 eqo
357 2759 422 2833 reyis
437 2759 551 2813 Adrasti.
570 2763 701 2813 «Por-ten·
745 2758 806 2810 ioco
830 2759 891 2812 larsa
914 2772 953 2812 est
976 2758 1119 2810 distinctio.
1143 2756 1248 2809 Scribe:

197 2850 254 2888 turn
273 2836 315 2890 hic
332 2838 432 2891 habent
448 2837 502 2891 duo
524 2838 583 2892 libri
601 2841 701 2907 nostri,
746 2840 826 2891 Mene
842 2841 926 2912 iqitur
939 2839 1052 2902 sociam,
1071 2835 1159 2908 prob:
1179 2835 1251 2906 (sors

198 2937 311 2988 quorum
331 2918 397 2971 alter
415 2933 455 2972 est
471 2918 515 2972 iiie
534 2939 612 2992 quern
631 2922 702 2991 opti·
747 2919 854 2990 ignara)
880 2917 1010 2970 malonem
1032 2919 1111 2968 Mene
1134 2917 1246 2968 times?-

197 3018 269 3051 nrum
285 3001 364 3052 toties
375 3001 537 3052 vocavimus.
554 3001 615 3052 Non
631 3003 701 3051 enirn
745 2998 841 3048 Bunrn.
853 3001 910 3048 Pur.
923 2995 1006 3047 habet
1015 3017 1021 3045 :
1031 2995 1127 3046 sociam
1138 2993 1248 3066 profers.

197 3092 361 3148 agnoscunt,
372 3077 700 3150 nisisuprascr·iptu,baec
745 3105 781 3115 -
801 3079 865 3147 Reg.
885 3077 922 3141 B,
942 3077 987 3126 Me
1004 3094 1038 3126 ne
1055 3075 1137 3147 ἱρέων
1151 3073 1249 3127 sociam

198 3161 290 3210 omnia
307 3158 401 3220 verbe3
419 3160 447 3210 in
463 3161 593 3212 sermonis
612 3171 699 3210 nutem
743 3154 844 3226 profers
866 3156 959 3227 iynaro
980 3152 1110 3205 rnalontm
1131 3151 1248 3225 praeben

196 3237 284 3291 verbis
307 3239 424 3290 Maronis
448 3236 634 3290 hemistichurn
660 3255 701 3288 re-
744 3233 808 3303 fleg.
823 3231 1044 3284 Cnostramiect.
1059 3234 1106 3284 En.

196 3332 370 3391 presentent:
387 3318 495 3390 Accipe,
509 3313 699 3389 daquefidem‘:
780 3312 841 3366 383.
862 3313 942 3365 Mene
957 3312 1048 3364 timet?
1066 3313 1162 3382 Meque
1177 3313 1250 3364 times

195 3397 283 3470 proles
293 3417 338 3472 eqo
351 3399 426 3468 Reyir
435 3397 547 3448 Adrasti.
559 3395 631 3448 Nihil
644 3415 701 3447 mu·
744 3392 772 3442 in
787 3391 881 3444 eodem
901 3394 959 3443 Pnt.
978 3389 1057 3443 libro.
1074 3420 1110 3430 -
1124 3389 1250 3443 Eamdern

198 3489 250 3528 tem
261 3495 276 3528 a
289 3476 388 3546 vulgari
399 3475 520 3528 lectione.
531 3498 542 3521 υ
564 3476 660 3526 Btnrn.
745 3468 806 3522 lect.
816 3469 896 3522 hebet
905 3471 967 3540 Reg.
977 3473 1011 3537 B,
1022 3471 1084 3540 Reg.
1092 3470 1113 3522 C
1121 3483 1247 3522 nostram.

233 3557 294 3628 379.
313 3555 381 3626 (Hei
397 3556 481 3606 milri!
497 3574 560 3606 num
577 3555 636 3626 quis
654 3552 701 3605 ad·
744 3553 852 3602 -Meo
866 3551 989 3601 membra.
1002 3548 1031 3600 ld
1046 3563 1098 3614 est,
1110 3549 1206 3600 fratris.

197 3637 266 3709 esti)
279 3640 333 3690 cari
344 3636 482 3707 Polynicis
492 3636 527 3687 od
540 3637 618 3710 ὄφιες.
632 3636 702 3685 «Fa-
782 3629 842 3696 384.
865 3630 944 3694 Cedo,
959 3629 1012 3681 ten'
1019 3629 1118 3702 pudet?
1130 3629 1181 3680 heu
1190 3630 1249 3700 pie-

197 3721 236 3770 tni
248 3731 309 3771 sunt
323 3716 381 3770 iibri
396 3715 508 3788 quibet·
521 3729 632 3767 mutant.
646 3717 702 3766 Me-
746 3722 784 3762 tas
796 3711 891 3784 iqnava
901 3711 1007 3764 sororis!
1020 3709 1086 3764 cedo
1100 3721 1157 3762 tene
1165 3709 1249 3781 pudet

197 3807 252 3847 tum
272 3799 341 3848 enirn
360 3796 614 3866 circumspicientis,
635 3806 661 3846 et
684 3812 701 3844 a
746 3809 837 3844 omnes
858 3790 937 3842 codd.
958 3809 1018 3842 cum
1038 3793 1144 3842 Venett.
1164 3791 1196 3856 3,
1214 3789 1248 3856 4,

157 3891 172 3903 ·
197 3874 378 3928 crudelissimo
395 3873 504 3927 homine
521 3872 649 3946 deprendi
668 3873 699 3923 ti·
744 3875 820 3925 Rom.
848 3886 874 3924 et
896 3870 975 3922 Aldd.
1003 3869 1084 3923 :Gub
1106 3870 1247 3922 Centerum

198 3957 311 4021 mentis,
324 3952 435 4026 pulchre
450 3955 583 4018 reierunt,
599 3965 625 4004 et
637 3962 700 4004 sunt
745 3965 853 4022 putasse
870 3951 1082 4004 rescribendum:
1101 3949 1151 4002 ten'
1167 3950 1248 4022 pudet

197 4032 513 4104 parenthesiincludenda
519 4036 636 4106 quinque
643 4031 699 4083 hoec
746 4032 869 4099 arbitror,
882 4031 944 4084 licet
955 4031 1036 4084 verba
1052 4034 1108 4102 ejus
1122 4043 1247 4101 corrupte

195 4111 696 4184 rerba:(Heimibinumquisodest?)n
746 4114 797 4163 sint
814 4109 883 4162 edita
899 4111 968 4162 Nor.
985 4112 1058 4162 Lect.
1072 4106 1117 4160 tib.
1131 4109 1169 4173 11,
1184 4126 1207 4159 e.
1220 4110 1244 4160 8.

199 4193 293 4243 Binru.
300 4192 367 4244 Edd.
375 4205 436 4244 vett.
445 4191 545 4244 babent
555 4214 560 4244 :
572 4192 625 4243 Hei
634 4189 701 4242 miti
744 4192 840 4261 Neque
850 4204 914 4242 sene
925 4187 1001 4240 aliter
1011 4200 1101 4260 potest
1109 4186 1174 4259 legi,
1185 4205 1246 4259 pro·

199 4289 262 4322 num
280 4272 337 4343 quir
353 4271 423 4323 adest
443 4272 497 4323 cari
514 4269 650 4342 Polynicis
666 4269 701 4321 ad
733 4282 804 4341 ‘pter
826 4286 939 4321 versum.
960 4265 1026 4322 Mihi
1048 4268 1153 4340 spurius
1175 4279 1247 4318 totus
