3230 5168
393 529 436 596 SS
790 529 1039 596 EXCURSUS

391 657 483 727 inquo
496 668 557 726 post
568 669 676 708 ventum
690 672 798 726 quoquo
812 654 942 708 volutatio
956 667 1004 708 est.
1015 678 1027 702 ι
1044 653 1125 724 QuntI
1139 669 1165 710 et
1179 659 1296 711 inritatus
1311 659 1434 712 Lucanus

391 735 482 798 pm·
497 737 535 804 V,
550 751 599 806 ²¹⁷
609 757 616 787 l
645 840 650 851 .
660 840 665 851 .
675 841 681 850 .
690 841 696 851 .
705 818 731 852 ut
740 805 842 853 tumidus
850 807 929 854 soree
938 817 991 869 port
1000 805 1093 853 Sensim
1102 821 1188 870 pontus

578 877 655 923 nauca
664 877 744 938 gemit.

392 968 426 1021 Et
437 965 599 1021 Claudianus
609 968 635 1018 itt
645 965 786 1034 Rufinum,
797 966 844 1019 lib.
856 969 885 1033 I,
897 983 931 1035 70
944 981 969 1019 et
982 985 1055 1039 seqq.
1066 981 1136 1019 nost.
1147 966 1209 1020 edit.
1220 981 1283 1020 tom.
1294 970 1321 1035 I,
1331 988 1358 1041 p.
1373 969 1435 1037 143:

827 1087 848 1098 ..
859 1087 864 1098 .
874 1086 879 1096 .
889 1067 933 1098 ceu
943 1065 1072 1098 murmurat
1081 1051 1121 1100 alti

577 1125 691 1186 Insperata
702 1124 768 1186 quies
776 1122 866 1187 pelagi,
876 1139 948 1188 quum
958 1123 1051 1170 flamine
1060 1124 1135 1172 lraoto

579 1195 653 1239 Durat
661 1192 750 1248 adbuc,
761 1195 869 1256 seritque
881 1206 971 1248 tumor,
981 1193 1125 1256 dubiumque
1134 1209 1178 1257 per
1186 1205 1266 1242 estut·

578 1265 646 1310 Iussa
655 1263 785 1312 recedentia
794 1263 886 1310 fluitant
895 1265 989 1328 vestigia
999 1265 1071 1311 venti.

432 1372 491 1446 rbi.
504 1371 609 1427 Scilicet
620 1393 634 1426 e
644 1373 743 1428 curtatis
753 1393 800 1446 eqo
811 1372 998 1448 neglectissima
1007 1375 1076 1427 statis
1086 1375 1232 1450 Propertier.
1246 1375 1279 1428 Se
1287 1374 1350 1428 dicit
1358 1375 1437 1428 Liber

396 1451 509 1505 utnultit
521 1454 677 1506 mortalibus
688 1455 849 1526 seposuisse
861 1452 1026 1524 neglectum,
1042 1469 1072 1518 ut
1086 1453 1204 1528 Lycurgo
1217 1468 1297 1528 atque
1312 1455 1435 1508 Pentheo.
1509 1507 1512 1516 Α

396 1536 465 1588 Nam
476 1533 553 1587 orid.
566 1535 628 1588 Met.
640 1537 691 1602 Ili,
703 1535 751 1588 531
766 1549 792 1588 et
803 1554 877 1608 seqq.
889 1534 969 1588 verbs
981 1535 1091 1589 Penthei
1105 1537 1252 1608 injuriantis
1266 1536 1389 1591 biberunt
1401 1539 1438 1591 its

395 1613 549 1688 descripsit:

582 1687 638 1747 Quis
648 1687 726 1742 furor,
735 1687 882 1748 anguigenar,
892 1685 970 1750 proles
978 1687 1105 1744 Mavortia,
1116 1699 1203 1735 vestras

581 1757 688 1802 Attonuit
697 1759 799 1804 monteri
808 1755 924 1804 Pentheus
934 1758 978 1804 ait:
988 1773 1064 1804 serane
1073 1769 1161 1806 tantum

583 1827 635 1874 ὣς
643 1825 736 1888 repulsa
745 1825 838 1872 vatent?
847 1837 870 1873 et
878 1826 969 1872 adunco
980 1827 1034 1872 tibia
1044 1831 1133 1875 cornui

583 1899 610 1943 Itt
619 1898 712 1960 magicae
721 1898 830 1944 irsntlesi
839 1909 876 1954 ut,
888 1913 947 1961 qnos
957 1913 1005 1945 non
1014 1897 1111 1962 belliger
1119 1899 1191 1955 ends,

582 1971 636 2016 Non
645 1970 700 2017 tuba
710 1971 847 2027 terruerint,
857 1985 905 2016 non
915 1971 997 2017 strictis
1007 1972 1097 2032 agmins
1107 1970 1172 2026 telin

583 2041 699 2088 Feminea
709 2055 788 2098 rores,
799 2053 822 2087 rt
830 2053 892 2088 motu
901 2041 989 2088 insania
998 2043 1066 2095 rino,

585 2111 739 2175 Obsroenique
749 2127 844 2174 greges,
855 2125 877 2158 et
886 2113 964 2161 inania
973 2125 1081 2176 tympana
1092 2114 1199 2158 elucent?

585 2183 676 2240 Vosne,
687 2199 767 2239 unet,
777 2185 864 2230 tnireri
873 2186 913 2245 qui
921 2219 928 2238 ,
936 2181 1005 2244 longa
1013 2199 1058 2246 per
1066 2198 1159 2246 nqnora
1168 2187 1243 2240 vecti,

584 2253 633 2298 iIac
641 2255 733 2315 Tyron,
743 2251 786 2298 bac
794 2251 907 2314 prolapus
916 2253 1024 2314 posuistis
1033 2251 1087 2300 sede
1097 2263 1192 2314 penates
1201 2268 1208 2308 ς

583 2325 651 2370 Ilune
660 2325 732 2374 tinius
740 2327 790 2371 sine
798 2325 873 2370 Marte
883 2327 951 2386 capii

436 2453 496 2490 aaa.
515 2437 682 2508 Montemque
693 2433 861 2506 animumque
875 2433 977 2506 recepit.
997 2434 1068 2486 Ferri
1087 2446 1197 2504 potest:
1218 2431 1264 2485 sed
1282 2451 1316 2485 an
1336 2449 1440 2504 get-tnu-

340 2577 343 2584 ,
401 2515 484 2566 atttn?
504 2527 601 2586 negant
619 2515 709 2586 scripti
729 2515 775 2584 qui
794 2515 936 2584 praeferunt
953 2535 959 2566 t
979 2525 1141 2586 mentemque
1160 2511 1325 2584 habitumque
1338 2514 1439 2584 recepit.

401 2594 508 2666 Scriptis
521 2613 584 2646 vero
599 2593 670 2646 libris
686 2593 825 2645 subscribit
838 2595 895 2664 ipse
910 2595 1037 2646 orationis
1053 2611 1134 2644 noxus
1148 2613 1153 2642 ε
1169 2591 1252 2662 probe
1265 2593 1354 2664 itaque
1369 2610 1441 2644 nunu

401 2673 501 2726 dierum
513 2675 629 2727 ltubitum
642 2677 729 2745 ipsum
740 2676 870 2743 recepisse
882 2697 887 2724 :
902 2673 1017 2727 lubitum
1030 2672 1161 2745 siquidem
1172 2691 1221 2744 pro
1233 2670 1305 2725 cultu
1319 2675 1441 2746 Papinius

401 2751 471 2805 solet
484 2770 627 2825 usurpare,
642 2751 725 2803 Theb.
739 2751 790 2819 xt,
802 2753 854 2820 459
866 2765 890 2803 et
903 2771 959 2824 seq.

587 2844 639 2889 Ilon
650 2841 732 2888 babitu
741 2857 789 2904 quo
802 2853 855 2886 nota
866 2841 943 2903 prius,
956 2856 1004 2888 non
1013 2857 1053 2888 ore
1062 2855 1156 2898 sereno,

587 2914 632 2961 Sed
641 2916 703 2960 rittIs
715 2925 783 2960 exuta
792 2928 889 2958 curnam.

403 2994 438 3045 Ut
452 2996 530 3047 etiam
546 2995 686 3048 Suetonius
702 2995 870 3064 frequenter,
886 2995 988 3064 signate
1000 2993 1118 3064 Caligula
1134 3011 1193 3064 cap.
1206 3011 1236 3064 9,
1251 2992 1340 3059 rQuia
1357 2994 1442 3046 mani-

402 3072 506 3144 pulario
520 3073 614 3126 babitu
627 3077 694 3126 inter
708 3071 802 3126 milites
817 3071 990 3126 educabatur.
1002 3097 1012 3121 s
1034 3073 1115 3126 Aliter
1128 3074 1258 3138 Isidorus,
1272 3075 1318 3144 qui
1330 3072 1376 3126 lib.
1391 3074 1442 3138 tx,
1520 3127 1525 3136 ,

403 3171 428 3204 o.
444 3168 493 3218 aa,
504 3152 627 3205 discernit
637 3153 757 3210 habitum
768 3172 782 3204 a
792 3154 882 3220 cultu,
896 3175 907 3198 ι
918 3151 1024 3205 habitus
1035 3155 1104 3204 enim
1115 3152 1148 3204 ati
1161 3168 1281 3204 naturam
1293 3155 1418 3224 pertinet,
1429 3176 1439 3200 ι

405 3233 508 3304 inquit,
517 3231 598 3284 ethao
606 3236 714 3285 notione
722 3247 834 3304 usurpat
842 3233 929 3285 Livius
937 3231 982 3286 lib.
993 3234 1043 3300 tx,
1055 3234 1146 3286 avitus
1155 3231 1192 3283 illi
1203 3231 1340 3296 babitus,·
1352 3231 1448 3296 idest,

406 3312 519 3386 qualitas
531 3335 536 3362 :
553 3326 631 3384 utque
643 3311 711 3365 adeo
723 3316 802 3364 etiam
817 3312 967 3380 Sallustius,
982 3313 1054 3366 Bello
1065 3312 1238 3385 Iugurthino,
1249 3331 1307 3384 oap.
1321 3311 1440 3362 XXVIII:

407 3416 419 3440 ·
428 3393 510 3464 Cujus
523 3391 556 3446 de
569 3407 659 3445 natura
674 3408 700 3445 et
712 3393 802 3444 habitu
816 3393 958 3445 diximus..
976 3394 1042 3465 (Ubi
1056 3395 1117 3446 vide
1133 3405 1239 3457 notata,
1253 3406 1321 3444 nost.
1337 3389 1441 3443 Sallust.

404 3492 465 3545 pag.
481 3491 537 3544 ¹9⁰·
549 3472 611 3544 En.)
622 3474 673 3526 Alii
684 3474 828 3545 Scriptores
841 3475 894 3526 fere
906 3493 1010 3546 semper
1020 3475 1147 3540 hobitum,
1163 3491 1210 3545 pro
1215 3473 1304 3544 fortun
1316 3473 1352 3522 ret‘
1361 3473 1444 3542 cetius·

404 3571 454 3628 que
465 3556 607 3625 accipiunt.
624 3552 749 3626 Exempla
761 3555 842 3606 cuivis
856 3553 943 3605 obvia.
958 3555 1084 3626 Apuleius
1098 3553 1212 3606 ltobittrm
1224 3549 1257 3604 atl
1269 3549 1380 3616 cultum,
1395 3549 1444 3602 lta-

405 3631 549 3688 lindissem
561 3633 593 3686 acl
604 3633 756 3706 qualitatem
769 3632 862 3696 refert,
875 3632 919 3684 lib.
932 3635 960 3700 1,
973 3657 983 3680 s
998 3636 1056 3702 Vir,
1068 3645 1097 3684 ut
1108 3632 1213 3684 habitus
1223 3645 1248 3682 et
1257 3627 1384 3682 habitudo
1394 3627 1443 3682 der

404 3725 567 3779 monstrant,
583 3715 793 3768 ornatissimus·
811 3713 917 3766 Plautus
930 3717 1007 3766 etiam
1020 3733 1069 3786 pro
1081 3712 1156 3765 cultu
1168 3712 1285 3782 agnoscit
1299 3707 1445 3777 intertium,

407 3794 452 3864 qui
466 3806 492 3844 et
505 3792 622 3860 direrta,
636 3793 683 3847 tetl
699 3793 812 3866 eleganti
832 3796 940 3846 notione
957 3794 1020 3846 dixit
1040 3792 1148 3847 Poenulo
1166 3794 1221 3843 Aet.
1235 3793 1261 3856 I,
1277 3809 1312 3842 sc.
1327 3807 1340 3840 a
1355 3802 1381 3841 et
1393 3805 1443 3860 ²9²

409 3870 527 3924 «Modus
542 3874 665 3928 omnibus
679 3877 706 3926 in
722 3874 815 3938 rebus,
832 3892 921 3940 soror,
937 3876 1053 3945 optimus
1066 3887 1106 3928 eet
1120 3871 1227 3938 habitu,
1238 3893 1250 3917 ι
1266 3868 1292 3924 id
1307 3882 1361 3937 est,
1376 3869 1445 3941 opti·

405 3969 464 4018 rnna
478 3954 522 4024 qui
535 3950 676 4006 hahentur.
692 3955 769 4006 berta.

441 4079 502 4148 ²37·
518 4079 629 4138 Tenere.
641 4083 708 4134 Hinc
721 4081 784 4133 olim
798 4097 895 4135 tessera
907 4082 968 4136 data
980 4084 1083 4136 videtur
1094 4084 1150 4136 sine
1162 4097 1236 4130 voce.
1251 4076 1345 4138 Silius,
1356 4075 1439 4126 Punic

330 4176 348 4212 x
404 4160 466 4226 XV,
479 4159 550 4230 475:
570 4183 580 4206 s
591 4163 699 4217 tacitum
714 4161 760 4213 tlat
775 4176 872 4214 tessera
886 4164 997 4234 signum.
1009 4187 1020 4210 ι
1037 4163 1099 4215 Erat
1111 4161 1189 4213 breve
1200 4157 1369 4226 lignum‚eui
1382 4166 1445 4204 notu

403 4240 530 4314 inscripta
546 4255 617 4312 erat,
632 4244 673 4296 rel
685 4241 832 4316 imonlpta;
848 4243 918 4296 unde
932 4243 1056 4316 Polybius
1067 4241 1177 4295 raamias
1190 4251 1306 4292 temeram
1318 4247 1403 4294 rorat,
1414 4233 1444 4284 In
