3284 5162
382 575 447 646 362
616 578 652 641 P.
677 577 702 640 P
723 575 893 641 'STATll
917 574 1190 643 THEBAlDOS

426 710 496 790 Tu,
509 707 562 772 cui
574 718 665 772 totus
676 701 787 770 adhuc
798 701 902 786 furor,
916 701 1150 798 exsultantque
1161 719 1310 772 recentes
1385 710 1419 782 9⁵

425 818 541 910 Cocyti
552 814 595 884 de
606 815 699 883 fonte
712 837 834 898 comae,
847 812 890 881 da
898 811 1042 908 jungere
1053 818 1151 882 vires.

426 933 501 998 Non
514 926 628 995 solitas
639 929 743 1010 acies,
755 949 820 994 nec
828 929 946 993 Martia
959 924 1047 994 bella
1060 949 1230 1020 paramus,

427 1036 489 1107 Sed
502 1038 643 1104 fratrum
656 1036 749 1124 (licet
760 1038 850 1106 alma
862 1035 961 1120 fides,
975 1041 1148 1131 pietasque
1160 1052 1362 1129 repugnent,

426 1152 644 1234 Vincentur),
658 1149 799 1215 fratrum
812 1146 996 1240 stringendi
1009 1150 1160 1214 cominus
1174 1169 1281 1214 enses.

426 1257 561 1326 Grande
573 1281 676 1351 opus:
690 1261 771 1351 ipsae
784 1257 884 1341 odiis,
898 1259 979 1350 ipsae
990 1257 1201 1326 discordibus
1213 1259 1314 1324 armis
1374 1281 1424 1319 roo

426 1374 605 1460 Aptemur:
619 1368 701 1462 quid
713 1368 802 1437 lenta
814 1371 926 1436 venis?
936 1368 1079 1460 agedum
1092 1367 1191 1459 elige,
1205 1365 1301 1459 cujus

427 1480 526 1568 Signa
537 1478 642 1546 feras:
657 1478 758 1546 ambo
771 1478 901 1560 faciles,
915 1479 1101 1572 nostrique;
1116 1477 1174 1544 sed
1186 1499 1309 1568 auceps
1423 1526 1427 1534 ,

426 1587 571 1680 Vulgus,
584 1604 617 1655 et
627 1588 748 1656 affatus
761 1590 894 1670 matris,
907 1587 1132 1682 blandamque
1143 1603 1282 1680 precatu

427 1702 614 1792 Antigonen
628 1704 743 1784 timeo,
758 1700 911 1794 paullum
923 1725 966 1768 ne
979 1717 1092 1767 nostra
1105 1697 1251 1767 retardet

426 1812 588 1881 Consilia:
601 1815 674 1907 ipse
685 1817 801 1898 etiam,
815 1817 872 1909 qui
884 1837 946 1880 nos
959 1811 1083 1881 lassare
1095 1809 1265 1906 precando
1375 1815 1424 1870 ¹0⁵

427 1926 563 2006 Suetus,
576 1941 609 1992 et
620 1923 754 1992 ultrices
768 1924 944 1994 oculorum
956 1947 1136 2017 exposcere
1149 1922 1253 2004 diras,

427 2037 503 2101 lam
514 2049 609 2127 pater
620 2052 688 2104 est:
702 2051 791 2102 coetu
802 2035 909 2103 fertur
916 2029 987 2128 jam
1000 2033 1093 2102 solus
1105 2033 1148 2100 ab
1159 2035 1251 2101 omni
1291 2053 1295 2060 ’

428 2141 523 2210 Flere
536 2143 614 2212 sibi:
629 2161 729 2240 atque
740 2144 825 2213 adeo
837 2159 951 2212 moror
962 2146 1034 2236 ipsa
1046 2147 1233 2237 irrumpere
1244 2140 1392 2220 Thebas,

428 2256 674 2350 assuetumque
686 2255 807 2324 larem:
823 2255 881 2322 tibi
893 2271 1009 2347 pareat
1020 2255 1141 2347 impius
1154 2252 1265 2336 exsul,

381 2455 426 2490 ros
437 2441 488 2490 sim
505 2459 578 2494 suam
593 2439 686 2512 perdit.
699 2441 777 2493 Conf.
789 2442 880 2496 (laud.
965 2455 1023 2492 sos.
1041 2439 1124 2492 Amba
1130 2437 1235 2511 faciles.
1246 2437 1276 2490 ld
1287 2451 1339 2504 est,
1351 2437 1429 2490 facile

380 2517 529 2572 xxxvtds
537 2533 624 2590 raptu.
632 2518 759 2572 Pros.lib.
769 2521 811 2586 lll,
820 2522 883 2589 386,
928 2537 973 2570 eos
985 2521 1011 2570 in
1024 2520 1133 2570 crimina
1144 2517 1319 2588 impellamus.
1332 2515 1429 2569 lotelli·

381 2596 416 2649 ad
426 2615 504 2668 quern
511 2598 693 2650 illustrandum
705 2599 833 2654 adductus
843 2616 883 2655 est
927 2597 984 2669 ligis
991 2599 1134 2664 Eteocleas,
1142 2610 1168 2648 et
1177 2596 1328 2672 Poliuicern.
1337 2597 1375 2647 De
1382 2597 1430 2648 eis·

380 2678 471 2730 Nostri
488 2678 576 2744 locus,
592 2691 663 2732 nost.
680 2679 742 2734 edit.
762 2695 826 2734 tons.
845 2683 881 2750 ΙΙ,
928 2677 987 2731 deas
999 2677 1044 2730 lib.
1058 2682 1083 2744 Ι,
1096 2677 1143 2732 86:
1160 2696 1233 2730 nnec
1245 2677 1318 2730 tarda
1336 2695 1431 2748 seque-

380 2773 442 2829 pag.
456 2758 514 2810 280.
530 2759 577 2810 Eo.
928 2769 971 2808 tur
982 2753 1057 2810 Mens
1066 2759 1200 2828 juvenum.
1215 2780 1226 2804 ι

416 2837 460 2906 95.
482 2839 513 2890 Τ.
525 2856 547 2890 c.
561 2848 580 2890 t.
593 2859 618 2890 a.
625 2837 652 2910 f.
665 2837 833 2914 exultantque
845 2859 885 2894 se-
970 2834 1027 2888 103.
1048 2835 1228 2908 Blandaanue
1238 2846 1345 2907 precatu
1355 2833 1432 2887 Aest-

381 2926 473 2968 centes.
485 2915 613 2969 Nonnulli
624 2917 703 2972 codd.
717 2921 836 2982 recentis,-
847 2921 883 2971 ita
926 2933 1013 2991 qanen
1034 2916 1122 2968 staua.
1141 2915 1182 2967 Ne
1200 2915 1288 2968 flectat
1307 2912 1431 2987 precibus

382 2995 460 3044 etiam
474 2993 579 3048 Gevsrt.
593 3009 620 3048 et
635 3015 717 3068 marg.
734 2997 775 3052 ed.
793 2996 882 3050 Barth.
928 2995 1032 3046 frenes.

381 3073 545 3126 -llecentes
556 3073 589 3126 de
596 3071 676 3144 sonte
686 3094 776 3130 comas.
790 3075 819 3128 ld
831 3088 884 3142 est,
967 3073 1025 3138 sol.
1039 3073 1190 3145 Antigonen
1202 3073 1294 3135 timeo,
1306 3069 1431 3145 paullum

383 3169 461 3222 quem
475 3167 592 3206 recentes
607 3158 881 3225 potarunt-Comae.
928 3171 961 3204 ne
974 3163 1059 3205 nostra
1072 3153 1189 3204 retardet.
1203 3152 1265 3204 Exc.
1278 3151 1389 3204 Cantab.
1405 3165 1432 3204 et

382 3233 537 3303 Serpentes,
554 3237 599 3306 qui
613 3235 673 3289 loco
688 3239 798 3289 crinium
813 3251 883 3288 suns.
930 3232 1043 3282 Petrens.
1063 3250 1094 3282 ne
1109 3243 1194 3284 nostra
1211 3231 1340 3282 retardent
1346 3251 1355 3292 ,·
1374 3249 1432 3282 orn-

425 3329 468 3381 97.
492 3316 591 3366 Martia
611 3315 688 3368 bella.
713 3315 811 3368 Martia
833 3315 884 3366 tela
930 3327 976 3362 nes
993 3311 1036 3361 alii
1053 3309 1131 3362 codd.
1150 3323 1175 3362 et
1192 3309 1251 3362 edd.
1270 3309 1433 3362 retardet.—

382 3391 450 3442 Dan.
460 3420 495 3431 -
505 3392 610 3444 Martia.
625 3393 721 3460 Qualia
734 3395 805 3446 Mars
819 3392 885 3446 solet
929 3389 992 3460 Reg.
1005 3391 1024 3440 B
1036 3388 1133 3455 habet,
1147 3409 1179 3440 ne
1191 3400 1276 3442 nostra
1290 3391 1432 3452 retardent3

312 3499 314 3504 .
382 3469 495 3522 efficere.
511 3473 638 3524 Lacrsnr.
929 3469 1431 3540 RegCretardetetsupracorrectum:

418 3549 460 3614 98.
481 3545 560 3598 Alma
568 3548 651 3618 fides,
671 3548 812 3622 pietasque.
834 3553 885 3604 Ea.
930 3548 1066 3598 retardent.

382 3643 442 3676 rum
459 3626 528 3678 enirn
543 3629 652 3678 numina
669 3626 720 3678 boc
737 3633 820 3681 atroci
835 3632 886 3682 cri·
972 3629 1030 3680 105.
1057 3629 1160 3681 lassare
1180 3628 1311 3699 precando
1332 3628 1433 3682 Saeua.

382 3703 453 3753 mine
467 3703 576 3753 nimium
590 3703 768 3758 offendentur.
929 3705 996 3758 Vide
1009 3707 1085 3759 initio
1096 3707 1146 3758 Th.
1161 3709 1186 3773 l,
1199 3709 1233 3760 56
1246 3721 1272 3759 et
1286 3726 1341 3780 seq.

419 3797 461 3850 99.
481 3781 599 3831 Fratnsm
615 3783 758 3854 stringendi
770 3786 887 3839 cominus
971 3801 1027 3852 ¹07·
1041 3787 1101 3836 Jam
1111 3798 1187 3858 pater
1195 3799 1237 3839 est.
1248 3789 1305 3838 Hoc
1316 3799 1368 3850 est,
1377 3787 1435 3856 jam

383 3877 460 3910 enses.
478 3861 550 3912 Unus
567 3859 658 3912 Bebot.
675 3864 832 3935 stringentur
844 3884 886 3916 co-
930 3865 1012 3933 pntris
1026 3865 1123 3916 affectu
1137 3867 1164 3916 io
1178 3864 1246 3916 lilios
1257 3869 1381 3937 tangitur,
1393 3864 1434 3918 sel

384 3939 470 3991 minus
479 3957 555 3992 enses.
571 3942 699 4010 «Optima
711 3955 736 3994 et
748 3943 821 3994 nullo
835 3963 887 3995 ωο-
929 3945 983 4010 jans
996 3942 1102 3994 meliora
1115 3946 1196 4016 coepit
1210 3944 1307 3996 babere
1321 3947 1390 3998 circa
1403 3943 1435 3996 li·

384 4015 888 4093 dosollicitandascriptura:stringendi
931 4022 1066 4074 liossota.

384 4097 500 4148 cominus
513 4113 589 4148 enses.
603 4098 738 4149 lusaniuut
753 4117 815 4169 crgo
830 4119 888 4152 uoae
971 4104 1028 4155 108.
1045 4103 1149 4156 Thebas.
1163 4105 1201 4156 Ad
1210 4103 1398 4176 instigandum,
1409 4118 1437 4158 et

387 4175 556 4240 membrana,
570 4193 627 4246 quse
643 4178 775 4230 referunt:
791 4189 817 4229 et
826 4179 888 4248 fra·
932 4181 957 4232 in
970 4181 1085 4232 fusorem
1094 4182 1282 4253 impellendum
1292 4181 1433 4234 Eteocleos.

386 4254 887 4328 trumstrinqatusmntuusenses.ulitur.
973 4261 1437 4333 109.Assustumquelasem.l)iutnr·
