3194 5156
430 571 496 638 600
641 571 676 633 P.
703 571 737 634 P.
764 569 920 637 STATH
945 571 1271 639 ACHILLEIDOS

476 697 532 772 Ire
543 715 662 786 super,
675 693 884 790 glaciemque
897 694 964 764 levi
975 721 1045 766 non
1057 697 1212 790 frangere
1223 695 1350 790 planta.

476 812 550 878 Hoc
560 799 690 901 pueriie
701 806 805 876 decus
820 834 827 874 :
843 807 925 902 quid
938 832 1030 878 nunc
1040 807 1229 902 tibipraelia
1239 808 1349 876 dicam
1425 819 1472 884 tot

475 919 660 990 Silvarum?
671 935 706 988 et
717 941 842 989 vacuos
855 943 944 990 saevo
952 919 1024 1015 jam
1034 943 1210 990 murmure
1222 919 1347 990 saltus?

475 1029 889 1128 Nunquamilleimbelles
900 1033 1015 1101 Ossaea
1027 1057 1089 1125 per
1099 1035 1175 1102 avie
1186 1031 1303 1128 lynces

474 1143 615 1225 sectari,
627 1157 687 1210 aut
697 1141 834 1210 timidos
846 1165 966 1236 passus
979 1168 1034 1213 me
1048 1144 1188 1238 cuspide
1199 1142 1315 1211 damas

474 1253 648 1337 Sternere,
661 1252 721 1322 sed
733 1258 844 1323 tristes
855 1255 993 1324 turbare
1004 1255 1172 1326 cubilibus
1183 1277 1298 1338 ursas,

475 1360 737 1459 Fulmineosque
749 1386 845 1443 sues,
858 1381 892 1432 et
904 1364 1011 1434 sicubi
1021 1368 1167 1432 maxima
1178 1366 1291 1457 tigris,
1426 1374 1473 1439 tro

473 1477 542 1541 Aut
553 1473 692 1544 seducta
700 1473 791 1570 jugis
804 1476 891 1545 foetoe
905 1477 1068 1570 spelunca
1080 1475 1207 1545 leaenae.

475 1591 553 1678 lpse
566 1587 687 1656 sedens
698 1605 793 1657 vasto
805 1590 891 1658 facta
905 1589 1119 1684 exspectabat
1130 1587 1173 1658 ab
1185 1603 1303 1670 anun,

476 1699 508 1764 Si
521 1720 659 1789 sparsus
671 1724 796 1794 magno
808 1724 995 1768 remearem
1007 1703 1170 1794 sangiune
1184 1726 1191 1766 ι
1206 1723 1269 1767 nec
1280 1721 1335 1765 me

477 1813 562 1874 Ante
574 1811 639 1876 nisi
649 1812 810 1905 inspectis
822 1808 958 1879 admisit
968 1810 1011 1879 ad
1024 1810 1138 1882 oscula
1151 1810 1237 1879 telis.
1385 1902 1389 1908 ν

475 1921 620 2015 Jamque
632 1921 720 1989 etad
733 1921 895 1991 ensiferos
909 1923 1018 1992 vicina
1030 1923 1121 2017 pube
1133 1920 1299 1992 tumultus
1429 1927 1474 1997 4¹⁵

430 2118 465 2130 -
476 2089 569 2144 Primo
583 2105 693 2166 torpore.
706 2094 736 2148 ld
752 2109 803 2164 est,
818 2096 882 2148 dum
897 2097 936 2148 in·
1015 2097 1077 2164 40&
1091 2097 1190 2150 Sectari
1197 2132 1206 2161 ,
1222 2106 1269 2148 sut
1281 2092 1389 2147 timidos
1397 2109 1477 2164 pam

431 2171 532 2240 ciperet
546 2174 696 2244 congelari,
711 2195 765 2229 non
779 2183 935 2248 exspectans
978 2194 1022 2228 me
1032 2175 1137 2248 cuspide
1151 2175 1248 2229 1111111111.
1264 2177 1294 2228 ln
1310 2173 1405 2227 iisdem
1420 2175 1476 2224 Ere.

431 2247 506 2318 quod
516 2251 593 2303 nimis
605 2252 749 2308 duraretur
759 2256 865 2326 glacies.
980 2257 1057 2326 Barg.
1068 2267 1117 2308 ast
1127 2253 1219 2308 avidas
1227 2272 1325 2327 passus.
1338 2281 1377 2294 -
1389 2254 1450 2322 Reg·
1460 2251 1477 2301 Β

466 2325 528 2394 404.
543 2330 584 2380 Ire
597 2349 681 2404 saper,
689 2333 868 2408 piscimam,
882 2349 933 2389 ete.
979 2334 1076 2403 habet,
1086 2335 1189 2408 cuspide
1198 2335 1296 2405 lyncas

430 2405 494 2476 Bag.
506 2406 526 2458 Β
537 2406 632 2476 habet,
644 2411 779 2484 Iresupra.
793 2416 840 2466 En.
1016 2415 1078 2488 409.
1096 2417 1124 2469 S.
1145 2435 1164 2470 s.
1183 2426 1200 2467 t.
1221 2425 1238 2466 t.
1259 2412 1389 2467 trabilibus
1407 2429 1477 2465 amas.

466 2483 528 2551 4116.
549 2487 657 2543 Vacacs.
669 2492 739 2562 Quia
755 2494 826 2546 feras
842 2512 935 2546 amnes
980 2497 1044 2567 Reg.
1057 2496 1078 2548 Β
1093 2493 1189 2558 babet,
1205 2492 1332 2546 eubilibus
1346 2511 1425 2546 ursas.
1437 2492 1476 2542 Eu·

430 2581 481 2636 epo
499 2567 691 2638 interfecerim,
710 2589 767 2645 que
788 2576 936 2646 asperiores
981 2603 1017 2615 -·
1036 2573 1130 2628 Tristes
1148 2591 1226 2629 ursas.
1244 2575 1409 2645 Perpetuam
1427 2571 1477 2643 epi-

430 2655 507 2696 santr
520 2643 581 2698 ideo
592 2645 669 2717 dicit,
678 2668 743 2704 savo
753 2671 894 2720 murmure,
905 2667 936 2705 ut
981 2653 1082 2708 theton.

429 2722 547 2776 leonum.
564 2727 633 2778 Nam
648 2747 782 2806 murmura
794 2751 935 2802 parvorum
1015 2730 1078 2799 4111.
1099 2731 1301 2805 Fulminecsqtse
1317 2749 1386 2784 sues.
1407 2727 1478 2797 and

430 2804 584 2857 animalium
598 2807 907 2865 testamenmentum
980 2833 1054 2866 more
1066 2812 1184 2866 fulminis
1196 2813 1290 2866 obrias
1301 2815 1363 2864 irati
1373 2825 1479 2884 prester

466 2882 528 2954 4117.
547 2885 647 2939 1111.
664 2890 694 2941 0.
707 2909 756 2961 per
766 2892 826 2944 avia
840 2891 934 2964 lynces.
980 2906 1054 2946 nant.
1074 2893 1141 2946 Vide
1159 2891 1243 2946 Theb.
1263 2894 1311 2958 Vi,
1328 2893 1392 2946 865.
1406 2891 1479 2943 -Et

429 2953 760 3040 Reg.iihabet,peravia
774 2969 871 3025 damas.
888 2973 934 3024 Eu.
980 2972 1061 3028 sicubi
1080 2975 1198 3026 mamaea
1220 2972 1301 3048 tiqris.
1325 2973 1387 3024 Hoc
1407 2969 1479 3034 dieii,

429 3071 464 3082 -
484 3045 630 3115 Nunquam
648 3046 695 3099 iile
713 3049 835 3104 imbelles.
857 3054 937 3104 Nun·
981 3054 1117 3124 quiararo
1131 3049 1478 3124 tigrisinveniturin'ibes·

431 3139 524 3192 quam,
538 3124 639 3195 inquit,
653 3125 737 3178 voluit
751 3147 793 3180 me
805 3130 876 3182 feras
889 3133 938 3182 im·
981 3129 1055 3183 salis.

430 3200 512 3254 belles
524 3218 549 3255 et
562 3203 667 3258 timidas
680 3211 820 3280 persequi,
831 3209 878 3262 sed
890 3229 936 3263 sae·
1016 3209 1046 3278 41
1056 3227 1078 3262 1.
1088 3207 1480 3282 Aatsedactajaqis.-Astde·

429 3301 475 3334 vas
495 3297 521 3335 et
541 3286 669 3338 immanes
687 3299 799 3340 tantum.
817 3317 851 3330 -
867 3291 936 3345 Avia
980 3285 1478 3364 4111111411ρί5οιΒίΒειιῑΙιαπεΒυεΒδ,

433 3366 574 3418 011111111Ιᾶ
597 3380 636 3420 est
656 3369 721 3420 Aria
744 3371 817 3423 Osste
838 3375 936 3428 montis
981 3385 1006 3424 et
1014 3373 1118 3424 Venest-

428 3441 579 3496 Thessaliae.
596 3475 632 3484 -
646 3447 752 3514 lynces.
772 3449 877 3502 Animal
896 3466 935 3506 est
1016 3451 1077 3518 411.
1089 3450 1113 3500 Ι.
1126 3469 1145 3503 1.
1157 3471 1182 3502 υ.
1187 3447 1214 3520 f.
1227 3451 1393 3522 exspectabat
1401 3449 1432 3502 ab
1440 3467 1479 3500 rs·

429 3522 551 3574 timidum
562 3522 666 3577 Baccho
678 3525 810 3594 dicatum,
827 3527 879 3580 boc
891 3531 935 3582 ln·
980 3543 1027 3584 tre.
1047 3532 1111 3602 Reg.
1131 3531 1151 3582 Β
1165 3528 1258 3596 habet,
1277 3531 1440 3602 exspectabat
1455 3529 1478 3579 ia

429 3601 472 3651 dia
487 3603 574 3654 mittit.
587 3601 654 3656 Vide
667 3604 751 3657 Theb.
766 3607 811 3673 IV,
825 3626 861 3659 rs.
872 3607 933 3661 658.
978 3624 1063 3664 antra.
1075 3612 1123 3663 En.

428 3682 491 3750 Ejus
504 3683 623 3736 animalis
634 3687 738 3737 urinam
747 3687 875 3739 redditam
887 3689 934 3741 Pli·
1014 3691 1077 3759 413.
1087 3692 1226 3764 Sisparsas
1237 3708 1332 3764 mapsa
1343 3706 1478 3743 mmearm

428 3762 488 3812 nius
510 3764 546 3812 ait
563 3761 672 3833 glaciari
691 3766 718 3815 in
740 3783 857 3836 gemmas
878 3787 934 3819 car·
978 3769 1113 3842 sanquine.
1135 3771 1196 3821 Exn.
1223 3769 1300 3839 Burg.
1322 3787 1436 3842 1111191111,ι
1457 3779 1480 3818 at

427 3839 552 3891 iruneuiis
572 3839 687 3906 similes,
709 3843 779 3895 unde
801 3845 933 3898 Ovidius:
980 3868 1060 3920 super
1073 3848 1119 3900 lin.
1138 3862 1164 3900 et
1182 3850 1209 3900 in
1222 3866 1305 3918 marg.
1320 3846 1416 3902 multo.
1436 3851 1478 3900 Pro

428 3917 466 3968 M.
480 3917 544 3984 XV,
559 3918 611 3985 413
622 3934 695 3992 ctsq.
712 3945 723 3967 ι
734 3923 808 3973 Virta
823 3926 935 3977 racemi·
978 3946 1118 3979 remearem
1129 3925 1205 3978 multi
1217 3925 1296 3978 codd.
1307 3938 1334 3978 et
1346 3925 1409 3979 edel.
1422 3938 1479 3978 vett.

428 3999 486 4047 fero
499 3995 588 4068 lyncas
604 3997 676 4050 dedit
688 3999 761 4051 india
778 4001 935 4070 Bacch0,E
979 4024 1135 4058 remeassem.
1154 4034 1190 4046 —
1208 4006 1271 4076 Reg.
1294 4005 1315 4055 B
1337 4003 1435 4068 babet,
1454 4003 1480 4055 Si

427 4075 740 4150 ‹pibus(urmem0ram)
750 4080 931 4153 quidquidve·
977 4106 1078 4161 sparsus
1093 4088 1175 4160 niqra.
1193 4087 1239 4138 En.
1254 4113 1289 4126 -
1307 4085 1412 4160 Magno
1427 4102 1479 4139 sas-

426 4157 480 4206 sica
494 4157 607 4222 remisit,
620 4158 737 4210 Vertitur
751 4161 778 4210 in
793 4159 894 4231 lapides
907 4177 933 4216 et
975 4169 1065 4242 paine.
1079 4169 1191 4234 Leonis,
1207 4166 1248 4219 vei
1263 4184 1340 4218 urse.

427 4234 548 4305 congelat
559 4255 618 4289 aere
632 4249 711 4290 tacto.
729 4263 739 4288 s
755 4241 877 4293 Bnrrtns.
1013 4247 1074 4314 414.
1088 4248 1157 4299 Ante
1169 4246 1221 4298 nisi
1236 4245 1365 4316 inspectis.
1383 4245 1420 4298 As
1436 4241 1479 4296 nisi
