<?xml version="1.0" encoding="UTF-8"?>
<!DOCTYPE html PUBLIC "-//W3C//DTD XHTML 1.0 Transitional//EN"
    "http://www.w3.org/TR/xhtml1/DTD/xhtml1-transitional.dtd">
<html xmlns="http://www.w3.org/1999/xhtml" xml:lang="en" lang="en">
 <head>
  <title>
</title>
<meta http-equiv="Content-Type" content="text/html;charset=utf-8" />
  <meta name='ocr-system' content='tesseract 3.04.00' />
  <meta name='ocr-capabilities' content='ocr_page ocr_carea ocr_par ocr_line ocrx_word'/>
</head>
<body>
  <div class='ocr_page' id='page_1' title='image "./libriquinquesil00statgoog_0525.png"; bbox 0 0 3194 5156; ppageno 0'>
   <div class='ocr_carea' id='block_1_1' title="bbox 418 577 1258 647">
    <p class='ocr_par' dir='ltr' id='par_1_1' title="bbox 418 577 1258 647">
     <span class='ocr_line' id='line_1_1' title="bbox 418 577 1258 647; baseline 0.008 -7"><span class='ocrx_word' id='word_1_1' title='bbox 418 579 484 642; x_wconf 75' lang='lat'><strong>518</strong></span> <span class='ocrx_word' id='word_1_2' title='bbox 626 579 660 640; x_wconf 91' lang='lat' dir='ltr'><strong>P.</strong></span> <span class='ocrx_word' id='word_1_3' title='bbox 688 579 723 641; x_wconf 91' lang='lat' dir='ltr'><strong>P.</strong></span> <span class='ocrx_word' id='word_1_4' title='bbox 750 577 906 644; x_wconf 84' lang='lat' dir='ltr'><strong>STATll</strong></span> <span class='ocrx_word' id='word_1_5' title='bbox 930 579 1258 647; x_wconf 78' lang='lat' dir='ltr'>ACHILLEIDOS</span> 
     </span>
    </p>
   </div>
   <div class='ocr_carea' id='block_1_2' title="bbox 462 701 1472 1802">
    <p class='ocr_par' dir='ltr' id='par_1_2' title="bbox 462 701 1271 802">
     <span class='ocr_line' id='line_1_2' title="bbox 462 701 1271 802; baseline 0.005 -33"><span class='ocrx_word' id='word_1_6' title='bbox 462 705 638 788; x_wconf 84' lang='lat' dir='ltr'><strong>Exierant,</strong></span> <span class='ocrx_word' id='word_1_7' title='bbox 652 701 733 772; x_wconf 87' lang='lat' dir='ltr'><strong>dare</strong></span> <span class='ocrx_word' id='word_1_8' title='bbox 745 707 834 772; x_wconf 86' lang='lat' dir='ltr'><strong>veris</strong></span> <span class='ocrx_word' id='word_1_9' title='bbox 847 729 949 798; x_wconf 89' lang='lat' dir='ltr'><strong>opes,</strong></span> <span class='ocrx_word' id='word_1_10' title='bbox 963 707 1125 802; x_wconf 73' lang='lat' dir='ltr'><strong>Diamque</strong></span> <span class='ocrx_word' id='word_1_11' title='bbox 1136 730 1271 774; x_wconf 88' lang='lat' dir='ltr'><strong>severas</strong></span> 
     </span>
    </p>

    <p class='ocr_par' dir='ltr' id='par_1_3' title="bbox 462 813 1470 1135">
     <span class='ocr_line' id='line_1_3' title="bbox 463 813 1377 911; baseline 0.003 -29"><span class='ocrx_word' id='word_1_12' title='bbox 463 813 596 883; x_wconf 82' lang='lat' dir='ltr'><strong>Fronde</strong></span> <span class='ocrx_word' id='word_1_13' title='bbox 607 815 711 910; x_wconf 79' lang='lat' dir='ltr'><strong>ligare</strong></span> <span class='ocrx_word' id='word_1_14' title='bbox 723 841 854 898; x_wconf 87' lang='lat' dir='ltr'><strong>comas,</strong></span> <span class='ocrx_word' id='word_1_15' title='bbox 869 835 903 885; x_wconf 89' lang='lat' dir='ltr'><strong>et</strong></span> <span class='ocrx_word' id='word_1_16' title='bbox 915 841 1074 911; x_wconf 73' lang='lat' dir='ltr'><strong>spargere</strong></span> <span class='ocrx_word' id='word_1_17' title='bbox 1086 817 1225 886; x_wconf 86' lang='lat' dir='ltr'><strong>floribus</strong></span> <span class='ocrx_word' id='word_1_18' title='bbox 1236 816 1377 886; x_wconf 80' lang='lat' dir='ltr'><strong>hastam.</strong></span> 
     </span>
     <span class='ocr_line' id='line_1_4' title="bbox 462 927 1470 1018; baseline 0.004 -24"><span class='ocrx_word' id='word_1_19' title='bbox 462 927 628 996; x_wconf 85' lang='lat' dir='ltr'><strong>Omnibus</strong></span> <span class='ocrx_word' id='word_1_20' title='bbox 640 929 798 996; x_wconf 83' lang='lat' dir='ltr'><strong>eximium</strong></span> <span class='ocrx_word' id='word_1_21' title='bbox 811 929 929 996; x_wconf 84' lang='lat' dir='ltr'><strong>formae</strong></span> <span class='ocrx_word' id='word_1_22' title='bbox 941 928 1046 998; x_wconf 89' lang='lat' dir='ltr'><strong>decus</strong></span> <span class='ocrx_word' id='word_1_23' title='bbox 1057 958 1064 997; x_wconf 96' lang='lat'>:</span> <span class='ocrx_word' id='word_1_24' title='bbox 1077 929 1235 998; x_wconf 87' lang='lat' dir='ltr'><strong>omnibus</strong></span> <span class='ocrx_word' id='word_1_25' title='bbox 1247 929 1336 1000; x_wconf 86' lang='lat' dir='ltr'><strong>idem</strong></span> <span class='ocrx_word' id='word_1_26' title='bbox 1417 963 1470 1018; x_wconf 69' lang='grc' dir='ltr'><strong>ιφ</strong></span> 
     </span>
     <span class='ocr_line' id='line_1_5' title="bbox 462 1037 1220 1135; baseline 0.011 -31"><span class='ocrx_word' id='word_1_27' title='bbox 462 1037 598 1120; x_wconf 86' lang='lat' dir='ltr'><strong>Cultus,</strong></span> <span class='ocrx_word' id='word_1_28' title='bbox 612 1055 645 1108; x_wconf 89' lang='lat' dir='ltr'><strong>et</strong></span> <span class='ocrx_word' id='word_1_29' title='bbox 655 1039 790 1132; x_wconf 86' lang='lat' dir='ltr'><strong>expleto</strong></span> <span class='ocrx_word' id='word_1_30' title='bbox 801 1043 908 1108; x_wconf 87' lang='lat' dir='ltr'><strong>teneri</strong></span> <span class='ocrx_word' id='word_1_31' title='bbox 918 1038 989 1132; x_wconf 87' lang='lat' dir='ltr'><strong>jam</strong></span> <span class='ocrx_word' id='word_1_32' title='bbox 1001 1039 1069 1110; x_wconf 85' lang='lat' dir='ltr'><strong>fine</strong></span> <span class='ocrx_word' id='word_1_33' title='bbox 1080 1042 1220 1135; x_wconf 89' lang='lat' dir='ltr'><strong>pudoris</strong></span> 
     </span>
    </p>

    <p class='ocr_par' dir='ltr' id='par_1_4' title="bbox 463 1151 1259 1246">
     <span class='ocr_line' id='line_1_6' title="bbox 463 1151 1259 1246; baseline 0.009 -33"><span class='ocrx_word' id='word_1_34' title='bbox 463 1151 643 1241; x_wconf 77' lang='lat' dir='ltr'>Virginitas</span> <span class='ocrx_word' id='word_1_35' title='bbox 655 1167 787 1216; x_wconf 91' lang='lat' dir='ltr'><strong>matura</strong></span> <span class='ocrx_word' id='word_1_36' title='bbox 799 1153 898 1232; x_wconf 87' lang='lat' dir='ltr'><strong>toris,</strong></span> <span class='ocrx_word' id='word_1_37' title='bbox 915 1154 1065 1246; x_wconf 89' lang='lat' dir='ltr'><strong>annique</strong></span> <span class='ocrx_word' id='word_1_38' title='bbox 1077 1169 1259 1220; x_wconf 81' lang='lat' dir='ltr'><strong>tumentes.</strong></span> 
     </span>
    </p>

    <p class='ocr_par' dir='ltr' id='par_1_5' title="bbox 462 1257 1472 1692">
     <span class='ocr_line' id='line_1_7' title="bbox 462 1257 1403 1356; baseline 0.004 -30"><span class='ocrx_word' id='word_1_39' title='bbox 462 1257 526 1326; x_wconf 87' lang='lat' dir='ltr'><strong>Sed</strong></span> <span class='ocrx_word' id='word_1_40' title='bbox 539 1275 706 1352; x_wconf 89' lang='lat' dir='ltr'><strong>quantum</strong></span> <span class='ocrx_word' id='word_1_41' title='bbox 719 1259 843 1328; x_wconf 84' lang='lat' dir='ltr'><strong>virides</strong></span> <span class='ocrx_word' id='word_1_42' title='bbox 856 1260 965 1354; x_wconf 75' lang='lat' dir='ltr'><strong>pelagi</strong></span> <span class='ocrx_word' id='word_1_43' title='bbox 975 1268 1091 1330; x_wconf 82' lang='lat' dir='ltr'><strong>Venus</strong></span> <span class='ocrx_word' id='word_1_44' title='bbox 1105 1261 1218 1331; x_wconf 87' lang='lat' dir='ltr'><strong>addita</strong></span> <span class='ocrx_word' id='word_1_45' title='bbox 1230 1261 1403 1356; x_wconf 76' lang='lat' dir='ltr'><strong>Nymphas</strong></span> 
     </span>
     <span class='ocr_line' id='line_1_8' title="bbox 462 1367 1307 1468; baseline 0.005 -32"><span class='ocrx_word' id='word_1_46' title='bbox 462 1367 601 1451; x_wconf 82' lang='lat' dir='ltr'>Obruit,</span> <span class='ocrx_word' id='word_1_47' title='bbox 613 1387 673 1438; x_wconf 88' lang='lat' dir='ltr'><strong>aut</strong></span> <span class='ocrx_word' id='word_1_48' title='bbox 684 1369 836 1439; x_wconf 88' lang='lat' dir='ltr'><strong>humeris</strong></span> <span class='ocrx_word' id='word_1_49' title='bbox 849 1390 1014 1466; x_wconf 87' lang='lat' dir='ltr'><strong>quantum</strong></span> <span class='ocrx_word' id='word_1_50' title='bbox 1027 1377 1133 1442; x_wconf 88' lang='lat' dir='ltr'><strong>Diana</strong></span> <span class='ocrx_word' id='word_1_51' title='bbox 1144 1373 1307 1468; x_wconf 82' lang='lat' dir='ltr'>relinquit</span> 
     </span>
     <span class='ocr_line' id='line_1_9' title="bbox 463 1481 1472 1578; baseline 0.004 -31"><span class='ocrx_word' id='word_1_52' title='bbox 463 1481 758 1576; x_wconf 76' lang='lat' dir='ltr'><strong>Naides,eilulget</strong></span> <span class='ocrx_word' id='word_1_53' title='bbox 771 1500 902 1554; x_wconf 88' lang='lat' dir='ltr'><strong>tantum</strong></span> <span class='ocrx_word' id='word_1_54' title='bbox 918 1489 1033 1578; x_wconf 76' lang='lat' dir='ltr'><strong>regina</strong></span> <span class='ocrx_word' id='word_1_55' title='bbox 1045 1486 1158 1556; x_wconf 87' lang='lat' dir='ltr'><strong>decori</strong></span> <span class='ocrx_word' id='word_1_56' title='bbox 1416 1501 1472 1568; x_wconf 80' lang='lat'><strong>²9⁵</strong></span> 
     </span>
     <span class='ocr_line' id='line_1_10' title="bbox 463 1592 1308 1692; baseline 0.006 -33"><span class='ocrx_word' id='word_1_57' title='bbox 463 1592 636 1661; x_wconf 88' lang='lat' dir='ltr'><strong>Deidamia</strong></span> <span class='ocrx_word' id='word_1_58' title='bbox 649 1594 742 1662; x_wconf 87' lang='lat' dir='ltr'><strong>chori</strong></span> <span class='ocrx_word' id='word_1_59' title='bbox 752 1648 760 1679; x_wconf 86' lang='lat'>‚</span> <span class='ocrx_word' id='word_1_60' title='bbox 771 1595 990 1692; x_wconf 86' lang='lat' dir='ltr'><strong>pulchrisque</strong></span> <span class='ocrx_word' id='word_1_61' title='bbox 1003 1595 1175 1666; x_wconf 89' lang='lat' dir='ltr'><strong>sororibus</strong></span> <span class='ocrx_word' id='word_1_62' title='bbox 1187 1596 1308 1665; x_wconf 81' lang='lat' dir='ltr'><strong>obstat.</strong></span> 
     </span>
    </p>

    <p class='ocr_par' dir='ltr' id='par_1_6' title="bbox 462 1701 1210 1802">
     <span class='ocr_line' id='line_1_11' title="bbox 462 1701 1210 1802; baseline 0.011 -32"><span class='ocrx_word' id='word_1_63' title='bbox 462 1701 558 1772; x_wconf 85' lang='lat' dir='ltr'><strong>Illius</strong></span> <span class='ocrx_word' id='word_1_64' title='bbox 570 1721 604 1772; x_wconf 88' lang='lat' dir='ltr'><strong>et</strong></span> <span class='ocrx_word' id='word_1_65' title='bbox 614 1728 712 1774; x_wconf 87' lang='lat' dir='ltr'><strong>roseo</strong></span> <span class='ocrx_word' id='word_1_66' title='bbox 724 1703 919 1776; x_wconf 85' lang='lat' dir='ltr'><strong>llammatur</strong></span> <span class='ocrx_word' id='word_1_67' title='bbox 930 1733 1082 1802; x_wconf 84' lang='lat' dir='ltr'><strong>purpura</strong></span> <span class='ocrx_word' id='word_1_68' title='bbox 1093 1708 1210 1792; x_wconf 90' lang='lat' dir='ltr'><strong>vultu,</strong></span> 
     </span>
    </p>
   </div>
   <div class='ocr_carea' id='block_1_3' title="bbox 407 1906 1471 4370">
    <p class='ocr_par' dir='ltr' id='par_1_7' title="bbox 414 1906 1471 2384">
     <span class='ocr_line' id='line_1_12' title="bbox 452 1906 1471 1984; baseline 0.003 -25"><span class='ocrx_word' id='word_1_69' title='bbox 452 1906 512 1960; x_wconf 71' lang='lat' dir='ltr'><strong>aas.</strong></span> <span class='ocrx_word' id='word_1_70' title='bbox 521 1909 660 1976; x_wconf 80' lang='lat' dir='ltr'><strong>Exierant,</strong></span> <span class='ocrx_word' id='word_1_71' title='bbox 669 1909 740 1963; x_wconf 86' lang='lat' dir='ltr'><strong>dare.</strong></span> <span class='ocrx_word' id='word_1_72' title='bbox 749 1909 840 1964; x_wconf 84' lang='lat' dir='ltr'><strong>Sermo</strong></span> <span class='ocrx_word' id='word_1_73' title='bbox 852 1912 920 1982; x_wconf 68' lang='lat' dir='ltr'><strong>liqu-</strong></span> <span class='ocrx_word' id='word_1_74' title='bbox 962 1917 1129 1984; x_wconf 75' lang='lat' dir='ltr'><strong>jungeretur,</strong></span> <span class='ocrx_word' id='word_1_75' title='bbox 1144 1925 1170 1964; x_wconf 82' lang='lat' dir='ltr'><strong>et</strong></span> <span class='ocrx_word' id='word_1_76' title='bbox 1182 1925 1310 1983; x_wconf 86' lang='lat' dir='ltr'><strong>qnanmm</strong></span> <span class='ocrx_word' id='word_1_77' title='bbox 1321 1912 1405 1963; x_wconf 85' lang='lat' dir='ltr'><strong>Diana</strong></span> <span class='ocrx_word' id='word_1_78' title='bbox 1419 1929 1471 1962; x_wconf 87' lang='lat' dir='ltr'><strong>an-</strong></span> 
     </span>
     <span class='ocr_line' id='line_1_13' title="bbox 416 1987 1467 2064; baseline 0.001 -25"><span class='ocrx_word' id='word_1_79' title='bbox 416 2001 506 2054; x_wconf 85' lang='lat' dir='ltr'><strong>ratns,</strong></span> <span class='ocrx_word' id='word_1_80' title='bbox 522 1989 550 2040; x_wconf 87' lang='lat' dir='ltr'><strong>id</strong></span> <span class='ocrx_word' id='word_1_81' title='bbox 568 2004 623 2055; x_wconf 87' lang='lat' dir='ltr'><strong>est,</strong></span> <span class='ocrx_word' id='word_1_82' title='bbox 637 2004 666 2064; x_wconf 70' lang='lat' dir='ltr'><strong>nt</strong></span> <span class='ocrx_word' id='word_1_83' title='bbox 681 1987 784 2043; x_wconf 83' lang='lat' dir='ltr'><strong>darent.</strong></span> <span class='ocrx_word' id='word_1_84' title='bbox 798 2019 835 2032; x_wconf 87' lang='lat'><em>-</em></span> <span class='ocrx_word' id='word_1_85' title='bbox 846 1993 920 2046; x_wconf 86' lang='lat' dir='ltr'><strong>Veris</strong></span> <span class='ocrx_word' id='word_1_86' title='bbox 964 1991 1009 2042; x_wconf 81' lang='lat' dir='ltr'><strong>tait</strong></span> <span class='ocrx_word' id='word_1_87' title='bbox 1023 1989 1154 2054; x_wconf 77' lang='lat' dir='ltr'><strong>Naiadas,</strong></span> <span class='ocrx_word' id='word_1_88' title='bbox 1170 2003 1301 2060; x_wconf 82' lang='lat' dir='ltr'><strong>quaesunt</strong></span> <span class='ocrx_word' id='word_1_89' title='bbox 1313 1989 1426 2040; x_wconf 77' lang='lat' dir='ltr'><strong>tantiam</strong></span> <span class='ocrx_word' id='word_1_90' title='bbox 1442 2001 1467 2040; x_wconf 87' lang='lat' dir='ltr'><strong>et</strong></span> 
     </span>
     <span class='ocr_line' id='line_1_14' title="bbox 415 2061 1468 2140; baseline 0 -21"><span class='ocrx_word' id='word_1_91' title='bbox 415 2087 482 2140; x_wconf 80' lang='lat' dir='ltr'><strong>opes.</strong></span> <span class='ocrx_word' id='word_1_92' title='bbox 497 2061 526 2120; x_wconf 96' lang='lat' dir='ltr'><strong>ld</strong></span> <span class='ocrx_word' id='word_1_93' title='bbox 539 2083 592 2133; x_wconf 81' lang='lat' dir='ltr'><strong>est,</strong></span> <span class='ocrx_word' id='word_1_94' title='bbox 610 2084 679 2122; x_wconf 88' lang='lat' dir='ltr'><strong>serta</strong></span> <span class='ocrx_word' id='word_1_95' title='bbox 698 2089 729 2122; x_wconf 84' lang='lat' dir='ltr'><strong>ex</strong></span> <span class='ocrx_word' id='word_1_96' title='bbox 748 2071 873 2136; x_wconf 80' lang='lat' dir='ltr'><strong>floribus,</strong></span> <span class='ocrx_word' id='word_1_97' title='bbox 893 2084 919 2124; x_wconf 86' lang='lat' dir='ltr'><strong>et</strong></span> <span class='ocrx_word' id='word_1_98' title='bbox 964 2069 1103 2122; x_wconf 84' lang='lat' dir='ltr'><strong>fluviorum</strong></span> <span class='ocrx_word' id='word_1_99' title='bbox 1122 2071 1196 2134; x_wconf 69' lang='lat' dir='ltr'><strong>nea,</strong></span> <span class='ocrx_word' id='word_1_100' title='bbox 1216 2067 1346 2120; x_wconf 71' lang='lat' dir='ltr'><strong>elediata</strong></span> <span class='ocrx_word' id='word_1_101' title='bbox 1361 2065 1468 2138; x_wconf 66' lang='lat' dir='ltr'><strong>repulsi</strong></span> 
     </span>
     <span class='ocr_line' id='line_1_15' title="bbox 415 2145 1412 2226; baseline 0.001 -28"><span class='ocrx_word' id='word_1_102' title='bbox 415 2152 481 2201; x_wconf 81' lang='lat' dir='ltr'><strong>veris</strong></span> <span class='ocrx_word' id='word_1_103' title='bbox 511 2151 649 2222; x_wconf 83' lang='lat' dir='ltr'><strong>primitias.</strong></span> <span class='ocrx_word' id='word_1_104' title='bbox 671 2181 706 2191; x_wconf 89' lang='lat'>-</span> <span class='ocrx_word' id='word_1_105' title='bbox 726 2153 838 2206; x_wconf 85' lang='lat' dir='ltr'><strong>Severas.</strong></span> <span class='ocrx_word' id='word_1_106' title='bbox 868 2153 919 2203; x_wconf 87' lang='lat' dir='ltr'><strong>Pro</strong></span> <span class='ocrx_word' id='word_1_107' title='bbox 964 2145 1412 2226; x_wconf 42' lang='lat' dir='ltr'><strong>ra&#39;a‚·qaodestfluo.Ms·reasar.</strong></span> 
     </span>
     <span class='ocr_line' id='line_1_16' title="bbox 414 2229 1467 2304; baseline -0.003 -25"><span class='ocrx_word' id='word_1_108' title='bbox 414 2231 496 2300; x_wconf 86' lang='lat' dir='ltr'><strong>ipsius</strong></span> <span class='ocrx_word' id='word_1_109' title='bbox 508 2249 607 2282; x_wconf 78' lang='lat' dir='ltr'><strong>seuerae.</strong></span> <span class='ocrx_word' id='word_1_110' title='bbox 621 2233 726 2285; x_wconf 82' lang='lat' dir='ltr'><strong>Severus</strong></span> <span class='ocrx_word' id='word_1_111' title='bbox 738 2247 840 2298; x_wconf 77' lang='lat' dir='ltr'><strong>autem,</strong></span> <span class='ocrx_word' id='word_1_112' title='bbox 855 2235 918 2304; x_wconf 86' lang='lat' dir='ltr'><strong>quia</strong></span> <span class='ocrx_word' id='word_1_113' title='bbox 1001 2232 1060 2299; x_wconf 65' lang='lat'><strong>²94.</strong></span> <span class='ocrx_word' id='word_1_114' title='bbox 1075 2229 1179 2294; x_wconf 80' lang='lat' dir='ltr'><strong>Obruit,</strong></span> <span class='ocrx_word' id='word_1_115' title='bbox 1192 2241 1240 2281; x_wconf 86' lang='lat' dir='ltr'><strong>aut</strong></span> <span class='ocrx_word' id='word_1_116' title='bbox 1257 2229 1369 2280; x_wconf 80' lang='lat' dir='ltr'><strong>husneris</strong></span> <span class='ocrx_word' id='word_1_117' title='bbox 1379 2245 1467 2300; x_wconf 82' lang='lat' dir='ltr'><strong>quaa·</strong></span> 
     </span>
     <span class='ocr_line' id='line_1_17' title="bbox 415 2307 1466 2384; baseline -0.004 -25"><span class='ocrx_word' id='word_1_118' title='bbox 415 2311 516 2380; x_wconf 80' lang='lat' dir='ltr'><strong>respuit</strong></span> <span class='ocrx_word' id='word_1_119' title='bbox 530 2313 650 2381; x_wconf 77' lang='lat' dir='ltr'><strong>nuptias,</strong></span> <span class='ocrx_word' id='word_1_120' title='bbox 666 2311 775 2364; x_wconf 85' lang='lat' dir='ltr'><strong>etbello</strong></span> <span class='ocrx_word' id='word_1_121' title='bbox 789 2313 918 2384; x_wconf 71' lang='lat' dir='ltr'><strong>presidet.</strong></span> <span class='ocrx_word' id='word_1_122' title='bbox 964 2319 1018 2360; x_wconf 76' lang='lat' dir='ltr'><strong>nim</strong></span> <span class='ocrx_word' id='word_1_123' title='bbox 1039 2309 1126 2360; x_wconf 85' lang='lat' dir='ltr'><strong>Diana</strong></span> <span class='ocrx_word' id='word_1_124' title='bbox 1148 2307 1281 2379; x_wconf 81' lang='lat' dir='ltr'><strong>relinquit.</strong></span> <span class='ocrx_word' id='word_1_125' title='bbox 1306 2308 1366 2358; x_wconf 79' lang='lat' dir='ltr'><strong>Eae.</strong></span> <span class='ocrx_word' id='word_1_126' title='bbox 1389 2309 1466 2376; x_wconf 74' lang='lat' dir='ltr'><strong>Burg.</strong></span> 
     </span>
    </p>

    <p class='ocr_par' dir='ltr' id='par_1_8' title="bbox 413 2383 1469 3417">
     <span class='ocr_line' id='line_1_18' title="bbox 451 2383 1467 2465; baseline -0.006 -25"><span class='ocrx_word' id='word_1_127' title='bbox 451 2389 512 2458; x_wconf 83' lang='lat'><strong>289.</strong></span> <span class='ocrx_word' id='word_1_128' title='bbox 534 2389 650 2444; x_wconf 73' lang='lat' dir='ltr'><strong>floribus</strong></span> <span class='ocrx_word' id='word_1_129' title='bbox 671 2392 780 2444; x_wconf 83' lang='lat' dir='ltr'><strong>hastam.</strong></span> <span class='ocrx_word' id='word_1_130' title='bbox 801 2393 918 2465; x_wconf 67' lang='lat' dir='ltr'><strong>Thyssos</strong></span> <span class='ocrx_word' id='word_1_131' title='bbox 963 2401 1206 2460; x_wconf 81' lang='lat' dir='ltr'><strong>quantamcumque</strong></span> <span class='ocrx_word' id='word_1_132' title='bbox 1214 2387 1301 2438; x_wconf 87' lang='lat' dir='ltr'><strong>Diana</strong></span> <span class='ocrx_word' id='word_1_133' title='bbox 1309 2383 1467 2458; x_wconf 82' lang='lat' dir='ltr'><strong>reliquit.-</strong></span> 
     </span>
     <span class='ocr_line' id='line_1_19' title="bbox 414 2465 1465 2543; baseline -0.006 -23"><span class='ocrx_word' id='word_1_134' title='bbox 414 2467 686 2539; x_wconf 69' lang='lat' dir='ltr'><strong>intelliqltzlustinas</strong></span> <span class='ocrx_word' id='word_1_135' title='bbox 699 2475 811 2543; x_wconf 86' lang='lat' dir='ltr'><strong>epistola</strong></span> <span class='ocrx_word' id='word_1_136' title='bbox 823 2473 856 2524; x_wconf 92' lang='lat' dir='ltr'><strong>ad</strong></span> <span class='ocrx_word' id='word_1_137' title='bbox 871 2475 920 2524; x_wconf 81' lang='lat' dir='ltr'><strong>Ze-</strong></span> <span class='ocrx_word' id='word_1_138' title='bbox 966 2469 1065 2520; x_wconf 88' lang='lat' dir='ltr'><strong>Ohruit.</strong></span> <span class='ocrx_word' id='word_1_139' title='bbox 1096 2469 1207 2520; x_wconf 83' lang='lat' dir='ltr'><strong>Obmere</strong></span> <span class='ocrx_word' id='word_1_140' title='bbox 1238 2466 1282 2518; x_wconf 89' lang='lat' dir='ltr'><strong>hie</strong></span> <span class='ocrx_word' id='word_1_141' title='bbox 1314 2465 1465 2518; x_wconf 82' lang='lat' dir='ltr'><strong>obscurare.</strong></span> 
     </span>
     <span class='ocr_line' id='line_1_20' title="bbox 415 2545 1465 2620; baseline -0.01 -20"><span class='ocrx_word' id='word_1_142' title='bbox 415 2567 477 2600; x_wconf 88' lang='lat' dir='ltr'><strong>uam</strong></span> <span class='ocrx_word' id='word_1_143' title='bbox 491 2562 516 2600; x_wconf 87' lang='lat' dir='ltr'><strong>et</strong></span> <span class='ocrx_word' id='word_1_144' title='bbox 528 2551 656 2602; x_wconf 87' lang='lat' dir='ltr'><strong>Zerenam</strong></span> <span class='ocrx_word' id='word_1_145' title='bbox 670 2549 774 2620; x_wconf 48' lang='lat' dir='ltr'><strong>finam?</strong></span> <span class='ocrx_word' id='word_1_146' title='bbox 786 2548 812 2602; x_wconf 83' lang='lat' dir='ltr'><strong>ai</strong></span> <span class='ocrx_word' id='word_1_147' title='bbox 822 2549 917 2618; x_wconf 67' lang='grc' dir='ltr'><strong><em>βᾶιχιι</em></strong></span> <span class='ocrx_word' id='word_1_148' title='bbox 963 2551 1071 2600; x_wconf 81' lang='lat' dir='ltr'><strong>Tacitus</strong></span> <span class='ocrx_word' id='word_1_149' title='bbox 1087 2549 1148 2599; x_wconf 84' lang='lat' dir='ltr'><strong>Vita</strong></span> <span class='ocrx_word' id='word_1_150' title='bbox 1165 2545 1292 2616; x_wconf 76' lang='lat' dir='ltr'><strong>Agricolae</strong></span> <span class='ocrx_word' id='word_1_151' title='bbox 1305 2564 1362 2616; x_wconf 86' lang='lat' dir='ltr'><strong>rap.</strong></span> <span class='ocrx_word' id='word_1_152' title='bbox 1376 2545 1465 2596; x_wconf 80' lang='lat' dir='ltr'><strong>xvtl:</strong></span> 
     </span>
     <span class='ocr_line' id='line_1_21' title="bbox 414 2623 1469 2698; baseline -0.008 -18"><span class='ocrx_word' id='word_1_153' title='bbox 414 2625 456 2680; x_wconf 70' lang='lat' dir='ltr'><strong>ba*</strong></span> <span class='ocrx_word' id='word_1_154' title='bbox 467 2623 589 2694; x_wconf 70' lang='grc' dir='ltr'><strong>οχίμιτις</strong></span> <span class='ocrx_word' id='word_1_155' title='bbox 607 2628 714 2698; x_wconf 73' lang='grc' dir='ltr'><strong>σι’μηιοῦ</strong></span> <span class='ocrx_word' id='word_1_156' title='bbox 726 2629 771 2687; x_wconf 68' lang='lat' dir='ltr'><strong>raia</strong></span> <span class='ocrx_word' id='word_1_157' title='bbox 788 2631 880 2697; x_wconf 67' lang='grc' dir='ltr'><strong><em>λὲγχας</em></strong></span> <span class='ocrx_word' id='word_1_158' title='bbox 894 2629 919 2684; x_wconf 81' lang='lat' dir='ltr'><strong>is</strong></span> <span class='ocrx_word' id='word_1_159' title='bbox 965 2623 1469 2697; x_wconf 73' lang='lat' dir='ltr'><strong>«QuumCesialisquidemalteriussur·</strong></span> 
     </span>
     <span class='ocr_line' id='line_1_22' title="bbox 413 2703 1468 2779; baseline -0.007 -19"><span class='ocrx_word' id='word_1_160' title='bbox 413 2707 461 2764; x_wconf 76' lang='lat' dir='ltr'><strong>reis</strong></span> <span class='ocrx_word' id='word_1_161' title='bbox 475 2706 735 2779; x_wconf 67' lang='lat' dir='ltr'><strong>lipesseaespps‘paven.</strong></span> <span class='ocrx_word' id='word_1_162' title='bbox 748 2709 848 2762; x_wconf 75' lang='lat' dir='ltr'><strong>«Velut</strong></span> <span class='ocrx_word' id='word_1_163' title='bbox 859 2713 923 2761; x_wconf 61' lang='lat' dir='ltr'><strong>linos</strong></span> <span class='ocrx_word' id='word_1_164' title='bbox 963 2711 1075 2760; x_wconf 86' lang='lat' dir='ltr'><strong>cessoris</strong></span> <span class='ocrx_word' id='word_1_165' title='bbox 1090 2711 1187 2760; x_wconf 85' lang='lat' dir='ltr'><strong>lamam</strong></span> <span class='ocrx_word' id='word_1_166' title='bbox 1203 2723 1348 2778; x_wconf 81' lang='lat' dir='ltr'><strong>caramque</strong></span> <span class='ocrx_word' id='word_1_167' title='bbox 1366 2703 1468 2756; x_wconf 86' lang='lat' dir='ltr'><strong>obruis·</strong></span> 
     </span>
     <span class='ocr_line' id='line_1_23' title="bbox 414 2786 1443 2860; baseline -0.005 -21"><span class='ocrx_word' id='word_1_168' title='bbox 414 2786 469 2839; x_wconf 79' lang='lat' dir='ltr'><strong>ehae</strong></span> <span class='ocrx_word' id='word_1_169' title='bbox 482 2807 530 2860; x_wconf 90' lang='lat' dir='ltr'><strong>per</strong></span> <span class='ocrx_word' id='word_1_170' title='bbox 539 2791 654 2860; x_wconf 84' lang='lat' dir='ltr'><strong>speeiem</strong></span> <span class='ocrx_word' id='word_1_171' title='bbox 664 2789 919 2860; x_wconf 86' lang='lat' dir='ltr'><strong>habitumqnepacis</strong></span> <span class='ocrx_word' id='word_1_172' title='bbox 965 2803 1013 2842; x_wconf 88' lang='lat' dir='ltr'><strong>set.</strong></span> <span class='ocrx_word' id='word_1_173' title='bbox 1025 2793 1083 2841; x_wconf 79' lang='lat' dir='ltr'><strong>·1n</strong></span> <span class='ocrx_word' id='word_1_174' title='bbox 1098 2788 1181 2840; x_wconf 72' lang='lat' dir='ltr'><strong>Greci</strong></span> <span class='ocrx_word' id='word_1_175' title='bbox 1192 2787 1315 2850; x_wconf 59' lang='lat' dir='ltr'><strong>mazam</strong></span> <span class='ocrx_word' id='word_1_176' title='bbox 1327 2797 1443 2836; x_wconf 88' lang='lat' dir='ltr'><strong>sumunt.</strong></span> 
     </span>
     <span class='ocr_line' id='line_1_24' title="bbox 414 2863 1466 2941; baseline -0.004 -23"><span class='ocrx_word' id='word_1_177' title='bbox 414 2867 520 2920; x_wconf 85' lang='lat' dir='ltr'><strong>lanceas</strong></span> <span class='ocrx_word' id='word_1_178' title='bbox 528 2869 556 2920; x_wconf 91' lang='lat' dir='ltr'><strong>in</strong></span> <span class='ocrx_word' id='word_1_179' title='bbox 568 2869 674 2941; x_wconf 69' lang='lat' dir='ltr'><strong>Thyrsis</strong></span> <span class='ocrx_word' id='word_1_180' title='bbox 689 2871 888 2922; x_wconf 79' lang='lat' dir='ltr'><strong>circumferunt.</strong></span> <span class='ocrx_word' id='word_1_181' title='bbox 905 2893 917 2915; x_wconf 80' lang='grc' dir='ltr'><strong>ι</strong></span> <span class='ocrx_word' id='word_1_182' title='bbox 1001 2867 1062 2936; x_wconf 77' lang='lat'><strong>²95.</strong></span> <span class='ocrx_word' id='word_1_183' title='bbox 1079 2866 1184 2920; x_wconf 81' lang='lat' dir='ltr'><strong>Naides.</strong></span> <span class='ocrx_word' id='word_1_184' title='bbox 1202 2865 1320 2918; x_wconf 84' lang='lat' dir='ltr'><strong>Naiadas</strong></span> <span class='ocrx_word' id='word_1_185' title='bbox 1337 2866 1364 2914; x_wconf 88' lang='lat' dir='ltr'><strong>in</strong></span> <span class='ocrx_word' id='word_1_186' title='bbox 1375 2863 1466 2915; x_wconf 89' lang='lat' dir='ltr'><strong>iisdem</strong></span> 
     </span>
     <span class='ocr_line' id='line_1_25' title="bbox 413 2945 1467 3016; baseline -0.005 -19"><span class='ocrx_word' id='word_1_187' title='bbox 413 2945 465 2998; x_wconf 78' lang='lat' dir='ltr'><strong>tali</strong></span> <span class='ocrx_word' id='word_1_188' title='bbox 475 2946 587 3000; x_wconf 81' lang='lat' dir='ltr'><strong>Plinium</strong></span> <span class='ocrx_word' id='word_1_189' title='bbox 598 2947 643 3001; x_wconf 93' lang='lat' dir='ltr'><strong>lib.</strong></span> <span class='ocrx_word' id='word_1_190' title='bbox 654 2951 729 3013; x_wconf 83' lang='lat' dir='ltr'><strong>XVI,</strong></span> <span class='ocrx_word' id='word_1_191' title='bbox 739 2967 763 3000; x_wconf 83' lang='lat' dir='ltr'><strong>e.</strong></span> <span class='ocrx_word' id='word_1_192' title='bbox 777 2949 820 3000; x_wconf 84' lang='lat'><strong>36.</strong></span> <span class='ocrx_word' id='word_1_193' title='bbox 837 2948 921 3016; x_wconf 83' lang='lat' dir='ltr'><strong>Thyr-</strong></span> <span class='ocrx_word' id='word_1_194' title='bbox 964 2948 1026 2998; x_wconf 77' lang='lat' dir='ltr'><strong>Exn.</strong></span> <span class='ocrx_word' id='word_1_195' title='bbox 1041 2975 1074 2987; x_wconf 90' lang='lat'>—</span> <span class='ocrx_word' id='word_1_196' title='bbox 1088 2947 1162 2998; x_wconf 86' lang='lat' dir='ltr'><strong>lianc</strong></span> <span class='ocrx_word' id='word_1_197' title='bbox 1173 2946 1233 2998; x_wconf 87' lang='lat' dir='ltr'><strong>leot.</strong></span> <span class='ocrx_word' id='word_1_198' title='bbox 1242 2945 1343 2996; x_wconf 88' lang='lat' dir='ltr'><strong>habent</strong></span> <span class='ocrx_word' id='word_1_199' title='bbox 1353 2945 1434 3015; x_wconf 70' lang='lat' dir='ltr'><strong>Regg.</strong></span> <span class='ocrx_word' id='word_1_200' title='bbox 1449 2945 1467 2992; x_wconf 76' lang='lat' dir='ltr'><strong>ll</strong></span> 
     </span>
     <span class='ocr_line' id='line_1_26' title="bbox 413 3023 1467 3098; baseline -0.005 -22"><span class='ocrx_word' id='word_1_201' title='bbox 413 3043 453 3076; x_wconf 88' lang='lat' dir='ltr'><strong>sus</strong></span> <span class='ocrx_word' id='word_1_202' title='bbox 467 3024 532 3076; x_wconf 90' lang='lat' dir='ltr'><strong>nihil</strong></span> <span class='ocrx_word' id='word_1_203' title='bbox 545 3040 601 3078; x_wconf 86' lang='lat' dir='ltr'><strong>erat</strong></span> <span class='ocrx_word' id='word_1_204' title='bbox 619 3045 698 3098; x_wconf 86' lang='lat' dir='ltr'><strong>quam</strong></span> <span class='ocrx_word' id='word_1_205' title='bbox 718 3026 795 3079; x_wconf 88' lang='lat' dir='ltr'><strong>hasta</strong></span> <span class='ocrx_word' id='word_1_206' title='bbox 816 3025 918 3078; x_wconf 77' lang='lat' dir='ltr'><strong>frondi·</strong></span> <span class='ocrx_word' id='word_1_207' title='bbox 965 3039 990 3077; x_wconf 84' lang='lat' dir='ltr'><strong>et</strong></span> <span class='ocrx_word' id='word_1_208' title='bbox 1002 3026 1031 3077; x_wconf 89' lang='lat' dir='ltr'><strong>C.</strong></span> <span class='ocrx_word' id='word_1_209' title='bbox 1045 3024 1191 3076; x_wconf 76' lang='lat' dir='ltr'><strong>-Naides</strong></span> <span class='ocrx_word' id='word_1_210' title='bbox 1202 3023 1355 3075; x_wconf 73' lang='lat' dir='ltr'><strong>Flauiorum</strong></span> <span class='ocrx_word' id='word_1_211' title='bbox 1368 3035 1394 3072; x_wconf 83' lang='lat' dir='ltr'><strong>et</strong></span> <span class='ocrx_word' id='word_1_212' title='bbox 1405 3023 1467 3071; x_wconf 88' lang='lat' dir='ltr'><strong>fou-</strong></span> 
     </span>
     <span class='ocr_line' id='line_1_27' title="bbox 415 3099 1466 3178; baseline -0.004 -23"><span class='ocrx_word' id='word_1_213' title='bbox 415 3103 464 3156; x_wconf 88' lang='lat' dir='ltr'><strong>bns</strong></span> <span class='ocrx_word' id='word_1_214' title='bbox 481 3119 507 3156; x_wconf 87' lang='lat' dir='ltr'><strong>ot</strong></span> <span class='ocrx_word' id='word_1_215' title='bbox 517 3109 651 3177; x_wconf 84' lang='lat' dir='ltr'><strong>pampinis</strong></span> <span class='ocrx_word' id='word_1_216' title='bbox 666 3106 799 3171; x_wconf 81' lang='lat' dir='ltr'><strong>insoluta,</strong></span> <span class='ocrx_word' id='word_1_217' title='bbox 816 3105 919 3178; x_wconf 80' lang='lat' dir='ltr'><strong>absque</strong></span> <span class='ocrx_word' id='word_1_218' title='bbox 963 3106 1029 3156; x_wconf 87' lang='lat' dir='ltr'><strong>tium</strong></span> <span class='ocrx_word' id='word_1_219' title='bbox 1040 3105 1118 3156; x_wconf 87' lang='lat' dir='ltr'><strong>Deas.</strong></span> <span class='ocrx_word' id='word_1_220' title='bbox 1131 3131 1167 3143; x_wconf 90' lang='lat'><strong>·-</strong></span> <span class='ocrx_word' id='word_1_221' title='bbox 1179 3103 1288 3174; x_wconf 76' lang='lat' dir='ltr'><strong>lleqina.</strong></span> <span class='ocrx_word' id='word_1_222' title='bbox 1304 3099 1334 3151; x_wconf 91' lang='lat' dir='ltr'><strong>ld</strong></span> <span class='ocrx_word' id='word_1_223' title='bbox 1347 3114 1399 3166; x_wconf 82' lang='lat' dir='ltr'><strong>eat,</strong></span> <span class='ocrx_word' id='word_1_224' title='bbox 1414 3099 1466 3151; x_wconf 92' lang='lat' dir='ltr'><strong>du-</strong></span> 
     </span>
     <span class='ocr_line' id='line_1_28' title="bbox 413 3183 1161 3237; baseline -0.001 -2"><span class='ocrx_word' id='word_1_225' title='bbox 413 3184 493 3235; x_wconf 77' lang='lat' dir='ltr'><strong>larro.</strong></span> <span class='ocrx_word' id='word_1_226' title='bbox 510 3185 636 3237; x_wconf 76' lang='lat' dir='ltr'><strong>Bassam.</strong></span> <span class='ocrx_word' id='word_1_227' title='bbox 652 3183 703 3236; x_wconf 86' lang='lat' dir='ltr'><strong>Sed</strong></span> <span class='ocrx_word' id='word_1_228' title='bbox 722 3184 844 3237; x_wconf 86' lang='lat' dir='ltr'><strong>Barthlus</strong></span> <span class='ocrx_word' id='word_1_229' title='bbox 863 3183 919 3235; x_wconf 82' lang='lat' dir='ltr'><strong>vult</strong></span> <span class='ocrx_word' id='word_1_230' title='bbox 963 3183 1161 3235; x_wconf 81' lang='lat' dir='ltr'><strong>nonachorum.</strong></span> 
     </span>
     <span class='ocr_line' id='line_1_29' title="bbox 414 3255 1466 3333; baseline -0.002 -20"><span class='ocrx_word' id='word_1_231' title='bbox 414 3263 580 3316; x_wconf 77' lang='lat' dir='ltr'><strong>Amaturam</strong></span> <span class='ocrx_word' id='word_1_232' title='bbox 601 3263 730 3316; x_wconf 80' lang='lat' dir='ltr'><strong>Mineruae</strong></span> <span class='ocrx_word' id='word_1_233' title='bbox 748 3264 859 3316; x_wconf 84' lang='lat' dir='ltr'><strong>floribus</strong></span> <span class='ocrx_word' id='word_1_234' title='bbox 876 3263 919 3314; x_wconf 89' lang='lat' dir='ltr'><strong>ad·</strong></span> <span class='ocrx_word' id='word_1_235' title='bbox 999 3264 1059 3333; x_wconf 79' lang='lat'><strong>296.</strong></span> <span class='ocrx_word' id='word_1_236' title='bbox 1078 3259 1216 3314; x_wconf 81' lang='lat' dir='ltr'><strong>Deidamia</strong></span> <span class='ocrx_word' id='word_1_237' title='bbox 1234 3259 1320 3322; x_wconf 85' lang='lat' dir='ltr'><strong>chori,</strong></span> <span class='ocrx_word' id='word_1_238' title='bbox 1337 3255 1466 3331; x_wconf 81' lang='lat' dir='ltr'><strong>pulchris·</strong></span> 
     </span>
     <span class='ocr_line' id='line_1_30' title="bbox 414 3337 1465 3417; baseline -0.007 -23"><span class='ocrx_word' id='word_1_239' title='bbox 414 3359 531 3414; x_wconf 77' lang='lat' dir='ltr'><strong>sparsam</strong></span> <span class='ocrx_word' id='word_1_240' title='bbox 544 3344 655 3396; x_wconf 83' lang='lat' dir='ltr'><strong>Statium</strong></span> <span class='ocrx_word' id='word_1_241' title='bbox 668 3343 837 3398; x_wconf 80' lang='lat' dir='ltr'><strong>intellexisse.</strong></span> <span class='ocrx_word' id='word_1_242' title='bbox 960 3363 1011 3417; x_wconf 86' lang='lat' dir='ltr'><strong>que</strong></span> <span class='ocrx_word' id='word_1_243' title='bbox 1023 3343 1147 3396; x_wconf 86' lang='lat' dir='ltr'><strong>sororibus</strong></span> <span class='ocrx_word' id='word_1_244' title='bbox 1157 3341 1246 3392; x_wconf 80' lang='lat' dir='ltr'><strong>obstat.</strong></span> <span class='ocrx_word' id='word_1_245' title='bbox 1258 3342 1286 3390; x_wconf 88' lang='lat' dir='ltr'><strong>ln</strong></span> <span class='ocrx_word' id='word_1_246' title='bbox 1299 3337 1393 3389; x_wconf 84' lang='lat' dir='ltr'><strong>iisdem</strong></span> <span class='ocrx_word' id='word_1_247' title='bbox 1401 3339 1465 3388; x_wconf 83' lang='lat' dir='ltr'><strong>Eae.</strong></span> 
     </span>
    </p>

    <p class='ocr_par' dir='ltr' id='par_1_9' title="bbox 409 3416 1466 4053">
     <span class='ocr_line' id='line_1_31' title="bbox 449 3416 1466 3496; baseline -0.011 -21"><span class='ocrx_word' id='word_1_248' title='bbox 449 3441 508 3493; x_wconf 74' lang='lat'><strong>29²·</strong></span> <span class='ocrx_word' id='word_1_249' title='bbox 530 3424 654 3496; x_wconf 86' lang='lat' dir='ltr'><strong>Annique</strong></span> <span class='ocrx_word' id='word_1_250' title='bbox 670 3435 803 3476; x_wconf 85' lang='lat' dir='ltr'><strong>tumentes.</strong></span> <span class='ocrx_word' id='word_1_251' title='bbox 815 3425 917 3475; x_wconf 83' lang='lat' dir='ltr'><strong>Tumor</strong></span> <span class='ocrx_word' id='word_1_252' title='bbox 960 3425 1087 3476; x_wconf 82' lang='lat' dir='ltr'><strong>sororibus</strong></span> <span class='ocrx_word' id='word_1_253' title='bbox 1096 3423 1187 3474; x_wconf 81' lang='lat' dir='ltr'><strong>adstat.</strong></span> <span class='ocrx_word' id='word_1_254' title='bbox 1197 3449 1232 3457; x_wconf 87' lang='lat'><strong>-·</strong></span> <span class='ocrx_word' id='word_1_255' title='bbox 1243 3416 1391 3470; x_wconf 83' lang='lat' dir='ltr'><strong>Deidamia.</strong></span> <span class='ocrx_word' id='word_1_256' title='bbox 1402 3417 1466 3466; x_wconf 90' lang='lat' dir='ltr'><strong>Orn-</strong></span> 
     </span>
     <span class='ocr_line' id='line_1_32' title="bbox 412 3493 1466 3575; baseline -0.009 -21"><span class='ocrx_word' id='word_1_257' title='bbox 412 3501 572 3575; x_wconf 78' lang='lat' dir='ltr'><strong>pspillarom</strong></span> <span class='ocrx_word' id='word_1_258' title='bbox 585 3517 693 3556; x_wconf 81' lang='lat' dir='ltr'><strong>maturas</strong></span> <span class='ocrx_word' id='word_1_259' title='bbox 709 3506 866 3575; x_wconf 74' lang='lat' dir='ltr'><strong>virginitatis</strong></span> <span class='ocrx_word' id='word_1_260' title='bbox 881 3507 916 3554; x_wconf 88' lang='lat' dir='ltr'><strong>si·</strong></span> <span class='ocrx_word' id='word_1_261' title='bbox 961 3521 1008 3553; x_wconf 86' lang='lat' dir='ltr'><strong>nes</strong></span> <span class='ocrx_word' id='word_1_262' title='bbox 1021 3503 1164 3570; x_wconf 85' lang='lat' dir='ltr'><strong>scriptores</strong></span> <span class='ocrx_word' id='word_1_263' title='bbox 1182 3499 1250 3550; x_wconf 87' lang='lat' dir='ltr'><strong>hane</strong></span> <span class='ocrx_word' id='word_1_264' title='bbox 1264 3493 1421 3568; x_wconf 68' lang='lat' dir='ltr'><strong>Lycomedis</strong></span> <span class='ocrx_word' id='word_1_265' title='bbox 1434 3495 1466 3545; x_wconf 88' lang='lat' dir='ltr'><strong>ll·</strong></span> 
     </span>
     <span class='ocr_line' id='line_1_33' title="bbox 411 3575 1464 3656; baseline -0.007 -22"><span class='ocrx_word' id='word_1_266' title='bbox 411 3582 917 3656; x_wconf 73' lang='lat' dir='ltr'><strong>gonmessesolet.-Videquaedixi·</strong></span> <span class='ocrx_word' id='word_1_267' title='bbox 962 3581 1022 3634; x_wconf 87' lang='lat' dir='ltr'><strong>liam</strong></span> <span class='ocrx_word' id='word_1_268' title='bbox 1050 3580 1214 3633; x_wconf 83' lang='lat' dir='ltr'><strong>Deidamlam</strong></span> <span class='ocrx_word' id='word_1_269' title='bbox 1240 3588 1339 3628; x_wconf 71' lang='lat' dir='ltr'><strong>vireant</strong></span> <span class='ocrx_word' id='word_1_270' title='bbox 1360 3598 1366 3626; x_wconf 77' lang='grc' dir='ltr'><strong><em>ι</em></strong></span> <span class='ocrx_word' id='word_1_271' title='bbox 1392 3575 1464 3627; x_wconf 87' lang='lat' dir='ltr'><strong>solus</strong></span> 
     </span>
     <span class='ocr_line' id='line_1_34' title="bbox 413 3655 1464 3728; baseline -0.009 -16"><span class='ocrx_word' id='word_1_272' title='bbox 413 3683 470 3716; x_wconf 78' lang='lat' dir='ltr'><strong>inus</strong></span> <span class='ocrx_word' id='word_1_273' title='bbox 485 3664 518 3715; x_wconf 92' lang='lat' dir='ltr'><strong>ad</strong></span> <span class='ocrx_word' id='word_1_274' title='bbox 529 3663 601 3716; x_wconf 87' lang='lat' dir='ltr'><strong>illum</strong></span> <span class='ocrx_word' id='word_1_275' title='bbox 616 3683 717 3716; x_wconf 86' lang='lat' dir='ltr'><strong>versum</strong></span> <span class='ocrx_word' id='word_1_276' title='bbox 731 3663 817 3716; x_wconf 88' lang='lat' dir='ltr'><strong>Theb.</strong></span> <span class='ocrx_word' id='word_1_277' title='bbox 836 3665 871 3728; x_wconf 82' lang='lat'><strong>11,</strong></span> <span class='ocrx_word' id='word_1_278' title='bbox 890 3683 914 3713; x_wconf 85' lang='lat' dir='ltr'><strong>v.</strong></span> <span class='ocrx_word' id='word_1_279' title='bbox 962 3663 1099 3712; x_wconf 75' lang='lat' dir='ltr'><strong>Manassae</strong></span> <span class='ocrx_word' id='word_1_280' title='bbox 1113 3657 1303 3710; x_wconf 86' lang='lat' dir='ltr'><strong>Constantinus</strong></span> <span class='ocrx_word' id='word_1_281' title='bbox 1317 3673 1376 3706; x_wconf 90' lang='lat' dir='ltr'><strong>eom</strong></span> <span class='ocrx_word' id='word_1_282' title='bbox 1394 3655 1464 3725; x_wconf 85' lang='lat' dir='ltr'><strong>Hip-</strong></span> 
     </span>
     <span class='ocr_line' id='line_1_35' title="bbox 412 3735 1466 3814; baseline -0.009 -20"><span class='ocrx_word' id='word_1_283' title='bbox 412 3742 463 3810; x_wconf 67' lang='lat' dir='ltr'><strong>aod</strong></span> <span class='ocrx_word' id='word_1_284' title='bbox 479 3765 486 3795; x_wconf 76' lang='lat' dir='ltr'>z</span> <span class='ocrx_word' id='word_1_285' title='bbox 502 3765 514 3790; x_wconf 78' lang='grc' dir='ltr'>ι</span> <span class='ocrx_word' id='word_1_286' title='bbox 527 3742 640 3796; x_wconf 85' lang='lat' dir='ltr'><strong>Tumida</strong></span> <span class='ocrx_word' id='word_1_287' title='bbox 650 3747 706 3813; x_wconf 85' lang='lat' dir='ltr'><strong>jam</strong></span> <span class='ocrx_word' id='word_1_288' title='bbox 719 3745 916 3814; x_wconf 72' lang='lat' dir='ltr'><strong>virginitateju·</strong></span> <span class='ocrx_word' id='word_1_289' title='bbox 961 3742 1113 3813; x_wconf 82' lang='lat' dir='ltr'><strong>podarniarn</strong></span> <span class='ocrx_word' id='word_1_290' title='bbox 1122 3735 1364 3812; x_wconf 73' lang='lat' dir='ltr'><strong>appellat-Vide</strong></span> <span class='ocrx_word' id='word_1_291' title='bbox 1372 3748 1466 3786; x_wconf 86' lang='lat' dir='ltr'><strong>notata</strong></span> 
     </span>
     <span class='ocr_line' id='line_1_36' title="bbox 409 3814 1465 3895; baseline -0.009 -20"><span class='ocrx_word' id='word_1_292' title='bbox 409 3827 474 3894; x_wconf 71' lang='lat' dir='ltr'><strong>gari.</strong></span> <span class='ocrx_word' id='word_1_293' title='bbox 493 3845 504 3870; x_wconf 86' lang='grc' dir='ltr'>ι</span> <span class='ocrx_word' id='word_1_294' title='bbox 520 3825 623 3893; x_wconf 73' lang='lat' dir='ltr'><strong>Legunt</strong></span> <span class='ocrx_word' id='word_1_295' title='bbox 643 3823 700 3889; x_wconf 86' lang='lat' dir='ltr'><strong>alii,</strong></span> <span class='ocrx_word' id='word_1_296' title='bbox 719 3823 854 3895; x_wconf 85' lang='lat' dir='ltr'><strong>animique</strong></span> <span class='ocrx_word' id='word_1_297' title='bbox 872 3833 915 3872; x_wconf 87' lang='lat' dir='ltr'><strong>tu·</strong></span> <span class='ocrx_word' id='word_1_298' title='bbox 962 3821 994 3873; x_wconf 85' lang='lat' dir='ltr'><strong>ad</strong></span> <span class='ocrx_word' id='word_1_299' title='bbox 1013 3839 1115 3872; x_wconf 80' lang='lat' dir='ltr'><strong>versum</strong></span> <span class='ocrx_word' id='word_1_300' title='bbox 1132 3821 1176 3884; x_wconf 87' lang='lat'><strong>16,</strong></span> <span class='ocrx_word' id='word_1_301' title='bbox 1193 3815 1285 3869; x_wconf 81' lang='lat' dir='ltr'><strong>Claud.</strong></span> <span class='ocrx_word' id='word_1_302' title='bbox 1303 3817 1340 3880; x_wconf 84' lang='lat' dir='ltr'><strong>X,</strong></span> <span class='ocrx_word' id='word_1_303' title='bbox 1357 3814 1391 3866; x_wconf 92' lang='lat' dir='ltr'><strong>de</strong></span> <span class='ocrx_word' id='word_1_304' title='bbox 1407 3817 1465 3866; x_wconf 87' lang='lat' dir='ltr'><strong>Nu-</strong></span> 
     </span>
     <span class='ocr_line' id='line_1_37' title="bbox 411 3893 1463 3974; baseline -0.009 -22"><span class='ocrx_word' id='word_1_305' title='bbox 411 3903 742 3954; x_wconf 77' lang='lat' dir='ltr'><strong>meares.r&#39;ormosaeenim</strong></span> <span class='ocrx_word' id='word_1_306' title='bbox 756 3901 915 3974; x_wconf 87' lang='lat' dir='ltr'><strong>plerumque</strong></span> <span class='ocrx_word' id='word_1_307' title='bbox 960 3901 1022 3970; x_wconf 88' lang='lat' dir='ltr'><strong>ptiis</strong></span> <span class='ocrx_word' id='word_1_308' title='bbox 1046 3903 1113 3951; x_wconf 86' lang='lat' dir='ltr'><strong>llon.</strong></span> <span class='ocrx_word' id='word_1_309' title='bbox 1137 3913 1162 3950; x_wconf 87' lang='lat' dir='ltr'><strong>et</strong></span> <span class='ocrx_word' id='word_1_310' title='bbox 1185 3897 1286 3961; x_wconf 75' lang='lat' dir='ltr'><strong>Maria,</strong></span> <span class='ocrx_word' id='word_1_311' title='bbox 1308 3907 1379 3946; x_wconf 87' lang='lat' dir='ltr'><strong>nost.</strong></span> <span class='ocrx_word' id='word_1_312' title='bbox 1399 3893 1463 3946; x_wconf 88' lang='lat' dir='ltr'><strong>edit.</strong></span> 
     </span>
     <span class='ocr_line' id='line_1_38' title="bbox 410 3975 1266 4053; baseline -0.006 -23"><span class='ocrx_word' id='word_1_313' title='bbox 410 3981 530 4053; x_wconf 78' lang='lat' dir='ltr'><strong>superba</strong></span> <span class='ocrx_word' id='word_1_314' title='bbox 544 3994 614 4036; x_wconf 90' lang='lat' dir='ltr'><strong>aunt.</strong></span> <span class='ocrx_word' id='word_1_315' title='bbox 959 3992 1023 4030; x_wconf 86' lang='lat' dir='ltr'><strong>turn.</strong></span> <span class='ocrx_word' id='word_1_316' title='bbox 1038 3981 1063 4044; x_wconf 84' lang='lat'><strong>1,</strong></span> <span class='ocrx_word' id='word_1_317' title='bbox 1075 3997 1136 4049; x_wconf 71' lang='lat' dir='ltr'><strong>paq.</strong></span> <span class='ocrx_word' id='word_1_318' title='bbox 1149 3977 1209 4028; x_wconf 77' lang='lat'><strong>331.</strong></span> <span class='ocrx_word' id='word_1_319' title='bbox 1220 3975 1266 4025; x_wconf 84' lang='lat' dir='ltr'><strong>Eu.</strong></span> 
     </span>
    </p>

    <p class='ocr_par' dir='ltr' id='par_1_10' title="bbox 407 4049 1466 4370">
     <span class='ocr_line' id='line_1_39' title="bbox 446 4049 1466 4133; baseline -0.009 -20"><span class='ocrx_word' id='word_1_320' title='bbox 446 4062 506 4131; x_wconf 84' lang='lat'><strong>293.</strong></span> <span class='ocrx_word' id='word_1_321' title='bbox 522 4063 654 4133; x_wconf 84' lang='lat' dir='ltr'><strong>Quantum</strong></span> <span class='ocrx_word' id='word_1_322' title='bbox 671 4060 772 4113; x_wconf 83' lang='lat' dir='ltr'><strong>virides.</strong></span> <span class='ocrx_word' id='word_1_323' title='bbox 800 4061 912 4110; x_wconf 78' lang='lat' dir='ltr'><strong>Maxima</strong></span> <span class='ocrx_word' id='word_1_324' title='bbox 997 4075 1056 4127; x_wconf 80' lang='lat'>²97·</span> <span class='ocrx_word' id='word_1_325' title='bbox 1073 4059 1193 4128; x_wconf 79' lang='lat' dir='ltr'><strong>Purpura</strong></span> <span class='ocrx_word' id='word_1_326' title='bbox 1214 4053 1298 4105; x_wconf 84' lang='lat' dir='ltr'><strong>uultu.</strong></span> <span class='ocrx_word' id='word_1_327' title='bbox 1313 4055 1371 4104; x_wconf 86' lang='lat' dir='ltr'><strong>Hoc</strong></span> <span class='ocrx_word' id='word_1_328' title='bbox 1384 4049 1466 4117; x_wconf 87' lang='lat' dir='ltr'><strong>dicit,</strong></span> 
     </span>
     <span class='ocr_line' id='line_1_40' title="bbox 409 4131 1465 4210; baseline -0.005 -21"><span class='ocrx_word' id='word_1_329' title='bbox 409 4136 913 4210; x_wconf 69' lang='lat' dir='ltr'><strong>pulchritudolleidamla‘,qnaetantum</strong></span> <span class='ocrx_word' id='word_1_330' title='bbox 960 4157 990 4190; x_wconf 84' lang='lat' dir='ltr'><strong>ex</strong></span> <span class='ocrx_word' id='word_1_331' title='bbox 1010 4136 1097 4188; x_wconf 89' lang='lat' dir='ltr'><strong>vultus</strong></span> <span class='ocrx_word' id='word_1_332' title='bbox 1116 4133 1258 4205; x_wconf 86' lang='lat' dir='ltr'><strong>splendore</strong></span> <span class='ocrx_word' id='word_1_333' title='bbox 1270 4145 1354 4184; x_wconf 85' lang='lat' dir='ltr'><strong>vestes</strong></span> <span class='ocrx_word' id='word_1_334' title='bbox 1367 4131 1465 4184; x_wconf 86' lang='lat' dir='ltr'><strong>illumi·</strong></span> 
     </span>
     <span class='ocr_line' id='line_1_41' title="bbox 408 4213 1464 4288; baseline -0.005 -21"><span class='ocrx_word' id='word_1_335' title='bbox 408 4216 552 4288; x_wconf 79' lang='lat' dir='ltr'><strong>snperahnt</strong></span> <span class='ocrx_word' id='word_1_336' title='bbox 564 4235 670 4270; x_wconf 89' lang='lat' dir='ltr'><strong>sorores</strong></span> <span class='ocrx_word' id='word_1_337' title='bbox 684 4233 813 4288; x_wconf 85' lang='lat' dir='ltr'><strong>quantum</strong></span> <span class='ocrx_word' id='word_1_338' title='bbox 823 4220 913 4268; x_wconf 87' lang='lat' dir='ltr'><strong>Venus</strong></span> <span class='ocrx_word' id='word_1_339' title='bbox 959 4227 1049 4282; x_wconf 78' lang='lat' dir='ltr'><strong>natas,</strong></span> <span class='ocrx_word' id='word_1_340' title='bbox 1059 4229 1197 4266; x_wconf 86' lang='lat' dir='ltr'><strong>etomnem</strong></span> <span class='ocrx_word' id='word_1_341' title='bbox 1208 4213 1327 4282; x_wconf 87' lang='lat' dir='ltr'><strong>eorporis</strong></span> <span class='ocrx_word' id='word_1_342' title='bbox 1340 4224 1464 4264; x_wconf 88' lang='lat' dir='ltr'><strong>ornatum</strong></span> 
     </span>
     <span class='ocr_line' id='line_1_42' title="bbox 407 4293 1396 4370; baseline -0.007 -21"><span class='ocrx_word' id='word_1_343' title='bbox 407 4302 465 4368; x_wconf 88' lang='lat' dir='ltr'><strong>ipsa</strong></span> <span class='ocrx_word' id='word_1_344' title='bbox 474 4297 602 4352; x_wconf 81' lang='lat' dir='ltr'><strong>Nereidas</strong></span> <span class='ocrx_word' id='word_1_345' title='bbox 610 4311 762 4370; x_wconf 83' lang='lat' dir='ltr'><strong>superaret,</strong></span> <span class='ocrx_word' id='word_1_346' title='bbox 773 4299 795 4350; x_wconf 90' lang='lat' dir='ltr'><strong>si</strong></span> <span class='ocrx_word' id='word_1_347' title='bbox 805 4296 856 4350; x_wconf 88' lang='lat' dir='ltr'><strong>illis</strong></span> <span class='ocrx_word' id='word_1_348' title='bbox 868 4297 913 4348; x_wconf 87' lang='lat' dir='ltr'><strong>ad·</strong></span> <span class='ocrx_word' id='word_1_349' title='bbox 960 4297 1058 4348; x_wconf 80' lang='lat' dir='ltr'><strong>laetum</strong></span> <span class='ocrx_word' id='word_1_350' title='bbox 1068 4293 1258 4366; x_wconf 84' lang='lat' dir='ltr'><strong>pulchriorem.</strong></span> <span class='ocrx_word' id='word_1_351' title='bbox 1275 4293 1396 4344; x_wconf 66' lang='lat' dir='ltr'><strong>uariam.</strong></span> 
     </span>
    </p>
   </div>
   <div class='ocr_carea' id='block_1_4' title="bbox 0 0 1602 5156">
    <p class='ocr_par' dir='ltr' id='par_1_11' title="bbox 0 0 1602 5156">
     <span class='ocr_line' id='line_1_43' title="bbox 0 0 1602 5156; baseline 0 3"><span class='ocrx_word' id='word_1_352' title='bbox 0 0 1602 5156; x_wconf 95' lang='lat' dir='ltr'><strong> </strong></span> 
     </span>
    </p>
   </div>
   <div class='ocr_carea' id='block_1_5' title="bbox 1595 7 1598 540">
    <p class='ocr_par' dir='ltr' id='par_1_12' title="bbox 1595 7 1598 540">
     <span class='ocr_line' id='line_1_44' title="bbox 1595 7 1598 540; baseline 0 0"><span class='ocrx_word' id='word_1_353' title='bbox 1595 7 1598 540; x_wconf 95' lang='lat' dir='ltr'><strong> </strong></span> 
     </span>
    </p>
   </div>
  </div>
 </body>
</html>
