3230 5168
387 593 433 659 90
587 566 834 636 EXCURSUS
857 571 919 635 AD
942 571 1127 638 LIBRUM
1150 574 1231 636 Vll.

386 697 469 752 ianua
484 693 589 749 titum.
610 693 813 765 Intelligendum
830 709 921 750 autem
937 713 969 748 ex
987 694 1198 767 precedentibus
1217 697 1326 749 minuat
1338 695 1425 750 mico:

387 773 461 847 quod
472 793 527 828 nun
539 775 721 845 minuspotest
732 773 856 826 affirmari
865 775 898 828 de
910 775 1083 842 Anthedone,
1094 794 1172 847 quam
1182 774 1215 828 de
1223 774 1331 841 Aulide,
1340 776 1426 842 Gaea,

386 855 486 908 Plateia
499 857 556 908 seri.
575 855 676 927 Quique
690 852 761 908 utico
773 856 882 907 domant
893 867 917 908 te
932 855 1027 908 ultimo
1039 866 1122 909 meru
1132 855 1284 920 Anthedon,
1297 856 1427 928 integrum

386 947 435 989 eat.
450 935 583 1006 Expreaait
594 933 638 986 iila
651 935 772 1000 Homeri,
786 929 910 988 ’antelios
922 936 944 988 τ’
957 933 1124 1002 iuxuriatur.
1143 933 1262 988 Gronov.

422 1033 487 1101 353,
500 1033 561 1101 354.
575 1030 626 1088 Vei
634 1053 697 1117 puae
708 1033 760 1086 Hic
768 1035 836 1088 Deus
846 1037 996 1089 innumerus
1006 1033 1105 1089 luxavit
1115 1036 1183 1089 ccede
1190 1037 1330 1107 pharetras.
1342 1036 1426 1090 Niobe

386 1131 455 1166 uuor
473 1113 630 1186 Amphionis
651 1131 732 1186 quum
753 1115 954 1187 quatuordecim
972 1118 1119 1188 peperisset
1135 1115 1217 1184 lilios,
1236 1131 1335 1190 septem
1348 1118 1427 1170 virilis

387 1211 480 1262 aaut,
495 1205 596 1266 septem
608 1195 729 1262 leminei,
743 1194 944 1250 foecunditatem
957 1211 1082 1269 partuum
1095 1217 1203 1250 snorum
1213 1201 1317 1250 Latonae
1328 1217 1427 1270 praepo·

386 1277 454 1328 cuit:
468 1293 521 1348 qua
530 1293 558 1328 re
569 1289 703 1329 commota
714 1276 759 1328 illu
772 1275 841 1330 lilino
852 1295 929 1346 euos,
941 1277 1092 1349 Apollinem
1102 1293 1128 1330 et
1136 1280 1259 1346 Dianam,
1269 1280 1295 1330 in
1303 1277 1427 1330 ultionem

386 1375 440 1410 aue
455 1355 587 1429 instigavit
604 1359 719 1429 injuriae;
734 1359 810 1429 cujus
823 1357 924 1413 Niobea
938 1357 1004 1412 liliae
1021 1359 1221 1433 quatuordecim
1238 1371 1347 1432 uterque
1360 1359 1427 1412 Deua

386 1437 519 1496 interiecit
533 1439 652 1510 eagittie,
663 1437 761 1512 Apollo
773 1456 888 1510 pueros,
902 1440 1005 1512 puellae
1020 1441 1114 1494 Diana
1134 1441 1260 1493 Lucrina.
1298 1459 1302 1464 ·

422 1533 484 1606 397.
502 1535 649 1590 succiduas.
663 1535 825 1602 Tardantee,
839 1555 854 1588 a
866 1536 1038 1590 concidendo.
1057 1537 1116 1590 Sive
1129 1549 1158 1589 nt
1172 1537 1272 1589 foeturae
1286 1532 1428 1588 succeden-

387 1625 441 1666 tem
459 1613 579 1668 sobolem
595 1614 804 1684 demonstraret,
819 1617 950 1672 succiduos
967 1617 1045 1683 dixit,
1065 1617 1158 1684 idest,
1171 1617 1428 1670 vicedominorum.

386 1724 423 1735 -
431 1693 582 1751 Succiduos.
594 1699 659 1764 Quae
669 1696 810 1749 succidunt
820 1696 994 1764 ambulando,
1007 1695 1074 1750 adeo
1088 1696 1174 1750 adhuc
1187 1711 1248 1751 eunt
1260 1710 1362 1750 tenere.
1372 1696 1428 1747 Vet.

387 1771 476 1828 schol.
489 1775 550 1827 Non
565 1789 635 1828 recte
651 1777 786 1828 Luctutiua
797 1779 938 1849 posteriori
950 1778 1141 1849 explicatione,
1156 1780 1231 1850 quasi
1247 1773 1369 1831 occidue
1379 1777 1431 1828 siut

387 1854 507 1921 vicariae,
526 1873 604 1926 quam
620 1873 714 1908 vocem
729 1853 841 1908 illustrat
857 1853 960 1908 Ludcv.
978 1856 1073 1910 Caelius
1090 1858 1229 1928 Antiquae.
1249 1856 1365 1907 Lectica.
1383 1853 1428 1904 lib.

387 1933 469 2002 XXV,
483 1953 507 1986 c.
523 1935 565 1988 23.
581 1936 623 1989 Sic
637 1937 730 1989 Arion.
744 1937 817 1988 Arat.
830 1935 923 1988 Phoen.
935 1940 967 2004 V,
983 1937 1049 2007 ¹94²
1066 1937 1190 2009 rPoplite
1202 1935 1321 1989 succidui
1333 1953 1383 2006 qua
1394 1937 1430 1985 ei·

387 2012 458 2066 deria
476 2016 563 2088 ampla
582 2028 722 2086 patescunt
737 2017 824 2086 Terga
843 2015 971 2069 dehinc·
995 2017 1132 2070 Claudian.
1154 2017 1279 2082 XXXVI,
1300 2014 1333 2066 de
1345 2017 1430 2085 Raptn

387 2093 509 2167 Proser-p.
523 2095 569 2148 lib.
582 2097 631 2158 lli,
647 2095 713 2150 153:
732 2095 878 2149 ·Succidui
893 2096 1008 2149 titubant
1023 2115 1160 2168 gressus.»
1177 2093 1255 2148 Ovid.
1272 2097 1377 2146 Metam.
1392 2095 1430 2158 X,

388 2173 460 2242 4582
478 2197 491 2220 ι
500 2175 602 2246 Poplite
615 2176 742 2229 succiduo
754 2195 840 2248 genua
855 2179 1025 2230 intremuere.
1037 2202 1048 2226 ι
1064 2180 1168 2230 Lucret.
1182 2175 1288 2228 delier.
1306 2173 1365 2226 Nat.
1383 2175 1430 2238 ΙΙΙ,

391 2251 458 2323 157:
475 2254 616 2324 -Caligare
628 2254 736 2320 oculor,
748 2273 842 2307 sunere
856 2257 956 2322 aureis,
969 2256 1105 2310 succidere
1119 2269 1223 2308 artus.»
1240 2256 1333 2305 Blera.

425 2350 486 2420 407.
507 2349 655 2428 clausoque
665 2354 789 2405 Deorum.
806 2355 835 2405 lu
847 2353 945 2424 Cyrrha
957 2367 1061 2406 tantum
1072 2371 1200 2425 proapera
1212 2351 1322 2404 deorum
1333 2347 1431 2401 daban-

388 2439 432 2482 tur
446 2430 569 2494 oracula5
584 2451 646 2484 nam
662 2434 706 2486 cui
721 2433 828 2485 exitium
843 2433 1013 2502 imminebat,
1031 2434 1211 2486 taciturnitate
1225 2429 1317 2501 templi
1329 2431 1432 2502 penitne

389 2509 573 2564 damnabatur.
588 2514 716 2564 Lacutur.

425 2609 485 2678 lar.
503 2611 609 2663 Gemini
621 2611 698 2663 moris
710 2609 798 2663 incola
810 2623 901 2664 narrat
914 2611 1064 2664 Thebanum
1079 2622 1131 2664 toto
1142 2608 1273 2682 planxisse
1282 2606 1433 2660 Pcioemcaa

387 2701 479 2766 ponto.
498 2692 628 2744 Palaemon
641 2693 713 2744 Deua
723 2693 854 2756 marinna,
866 2695 910 2763 qui
920 2692 1051 2765 portubus
1061 2705 1170 2764 praeest,
1185 2692 1260 2759 cujus
1269 2702 1332 2742 uota
1346 2701 1384 2741 eet
1395 2687 1435 2738 ia·

389 2770 461 2824 bula.
476 2771 601 2824 Athaman
613 2785 676 2842 post
691 2772 809 2824 furorem
821 2791 836 2824 a
846 2774 950 2826 Jnuone
966 2775 1111 2826 immissum
1124 2790 1205 2844 quum
1216 2772 1303 2822 occiso
1317 2764 1432 2819 Learcho

390 2851 555 2905 Melicerten:
568 2853 680 2905 aiterum
693 2851 775 2906 lilium
789 2871 866 2905 auum
878 2872 938 2905 cunr
952 2872 1034 2905 uxore
1051 2871 1096 2906 ana
1113 2853 1162 2904 lno
1178 2861 1395 2924 prosequeretur,
1408 2859 1434 2897 et

391 2930 466 2985 teilli
477 2933 504 2985 in
517 2929 821 3006 mare'praecipitasaent,
837 2934 975 2987 voluntate
992 2936 1130 2986 numinum
1146 2935 1174 2985 iu
1191 2934 1261 2984 Dece
1274 2931 1341 2981 versi
1358 2939 1431 2978 sunt:

390 3013 525 3068 Melicertd
544 3018 571 3069 in
589 3016 751 3082 Portunum,
771 3017 815 3089 qui
832 3033 916 3088 graece
935 3015 1068 3067 Palaemon
1085 3013 1197 3079 dicitur,
1215 3012 1264 3063 luo
1282 3013 1308 3064 in
1326 3023 1435 3062 matrem

391 3093 537 3163 Matutam,
552 3115 610 3167 quur
622 3115 704 3172 grace
717 3095 814 3150 dicitur
824 3097 985 3150 Leucothea.
1006 3098 1079 3149 inan.

429 3191 489 3260 479.
509 3193 580 3244 Hirro
591 3203 668 3267 utque
680 3193 741 3246 irinc
755 3206 839 3261 notoe,
856 3194 1012 3266 meliorjum
1028 3210 1115 3257 maru,
1128 3205 1178 3244 etc.
1193 3187 1317 3257 intelligit
1332 3203 1433 3240 sorores

392 3269 522 3321 lamonem
536 3283 562 3322 et
575 3271 753 3340 Antigonam,
769 3274 882 3324 locastae
896 3273 976 3338 filias,
995 3269 1117 3324 meliores
1134 3285 1214 3342 quam
1231 3265 1363 3338 parricide
1380 3262 1432 3313 lilii.

393 3346 459 3400 Vide
473 3346 599 3418 Apollnd.
614 3351 707 3421 Hygia.
723 3349 767 3420 67.
785 3351 906 3422 OEdipua
919 3371 1029 3422 regnum
1042 3363 1181 3422 paternum
1197 3359 1223 3399 et
1235 3349 1365 3398 incautam
1377 3358 1433 3392 ma-

395 3437 461 3480 trem
472 3427 571 3480 inscius
584 3430 688 3500 accepit
699 3447 824 3496 uxorem,
839 3449 870 3482 aa
881 3450 932 3504 qua
944 3432 1093 3503 procreavit
1105 3428 1229 3482 Eteoclen
1242 3439 1269 3478 et
1279 3423 1433 3496 Polynicen,

396 3506 526 3560 ismenem
540 3521 567 3559 et
576 3507 745 3579 Antigonam.
759 3509 817 3562 vid.
831 3524 857 3562 et
867 3510 978 3564 Diodor.
992 3510 1072 3564 Sioul.
1086 3509 1132 3580 lib.
1145 3510 1190 3562 lV.
1209 3510 1302 3560 Beata.

432 3603 493 3657 552.
513 3605 583 3659 Ante
594 3605 648 3658 ltoec
658 3625 758 3662 excubo
761 3608 910 3680 frondescet
920 3609 1011 3663 lancea
1018 3611 1101 3682 ferro.
1116 3607 1284 3678 Comparatio
1295 3602 1328 3666 ab
1340 3603 1436 3671 impos·

397 3681 483 3745 nihilh
497 3697 572 3752 ante,
583 3687 683 3757 inquit,
694 3700 783 3759 potest
793 3687 862 3755 lieri,
875 3703 904 3742 ut
914 3689 970 3743 hcc
981 3689 1058 3742 hasta
1070 3707 1150 3762 quam
1160 3705 1239 3758 gero,
1252 3699 1358 3738 excurso
1367 3681 1436 3731 ierro

397 3763 565 3830 frondescat,
580 3785 659 3839 qnam
677 3769 798 3824 Eteoclea
815 3770 848 3822 sit
856 3789 983 3841 germano
1001 3773 1080 3823 mitis.
1103 3769 1146 3822 Sic
1161 3766 1284 3840 Virgilius
1302 3767 1328 3816 in
1346 3757 1436 3814 lincol.

399 3839 491 3916 liclog.
506 3847 534 3908 1,
548 3845 600 3898 602

585 3929 644 3972 Ante
654 3924 716 3973 leret
726 3943 781 3992 ergo
790 3942 916 3991 pascentur
924 3931 950 3976 in
960 3927 1045 3976 ethere
1056 3929 1132 3985 cervi,

581 3997 609 4041 m
618 3996 678 4044 irtta
686 3997 812 4047 ‹lettituent
822 3999 897 4045 nudos
907 4001 932 4045 in
941 3999 1019 4048 littore
1029 4002 1117 4064 piacet,
1128 4011 1171 4046 etc.

434 4081 496 4150 641.
515 4085 667 4138 Menoeceus.
685 4087 736 4140 iste
750 4087 892 4142 Thebanus
906 4090 956 4142 init
971 4109 1049 4164 quern
1064 4092 1091 4141 in
1106 4086 1228 4158 catalogo
1247 4083 1364 4136 Phorbas
1378 4099 1439 4134 eun·

400 4175 453 4217 tem
462 4163 531 4216 iuter
540 4161 620 4216 ducet
633 4169 802 4230 montmarin
814 4167 878 4220 dixit
888 4171 972 4220 eninr:
987 4193 997 4217 ι
1008 4189 1065 4242 quc
1075 4183 1165 4222 noster
1175 4171 1249 4238 signa
1257 4167 1415 4217 Menoeccna.
1426 4182 1436 4205 u

739 4307 1109 4333 -ω--κ-
