3256 5160
567 509 711 574 LIBER
735 509 818 573 Xll.

217 635 299 705 lllos
310 640 474 704 instantes
487 635 599 702 senior
613 636 709 702 timet
720 657 828 702 unusr
842 651 876 702 at
888 637 971 728 ipsae

218 755 304 816 Ante
315 771 455 841 rogum,
469 749 617 842 saevique
633 745 746 841 palam
758 749 926 840 sprevisse
939 751 1093 817 Creontis

218 863 381 953 Imperia,
395 876 430 928 et
441 859 572 926 furtum
586 857 679 926 claro
691 857 855 951 plangore
867 860 1016 928 fatentur

218 971 364 1052 Securae,
377 972 504 1064 quippe
516 993 617 1038 omne
629 968 750 1038 vident
762 968 902 1038 fluxisse
914 969 1068 1039 cadaver.
1174 986 1226 1054 4⁵⁵
1245 1045 1249 1052 ,

219 1081 409 1175 Ambigitur
421 1106 510 1150 saeva
522 1081 565 1150 de
576 1097 702 1165 morte,
715 1084 936 1179 animosaque
948 1083 1006 1152 leti

220 1197 303 1286 Spes
316 1195 413 1262 furit:
429 1194 502 1263 haec
514 1194 626 1262 fratris
641 1197 813 1288 rapuisse,
826 1194 900 1263 haec
911 1193 1063 1290 conjugis
1074 1213 1167 1266 artus

220 1303 650 1400 Contendunt,vicibusque
659 1305 821 1399 probant:
833 1331 896 1400 ego
905 1330 1111 1400 corpus,ego
1118 1312 1228 1402 ignes:

223 1422 279 1485 Me
289 1421 414 1511 pietas,
429 1443 485 1486 me
500 1417 597 1485 duxit
609 1441 720 1486 amor:
734 1411 919 1512 deposcere
932 1444 1020 1488 steva

223 1529 408 1623 Supplicia,
424 1547 458 1599 et
468 1529 604 1599 dextras
613 1528 711 1622 juvat
722 1533 884 1599 insertare
897 1535 1034 1601 catenis.
1178 1549 1230 1618 460

224 1644 399 1735 Nusquam
412 1639 471 1706 illa
482 1639 620 1708 alternis
632 1639 735 1708 modo
747 1663 824 1736 quae
837 1645 1026 1712 reverentia
1042 1643 1171 1730 verbis3

225 1755 331 1834 liam,
345 1751 530 1847 odiumque
545 1768 643 1845 putes
658 1779 665 1819 :
681 1768 794 1821 tantus
809 1753 980 1822 discordat
991 1758 1163 1853 utrimque

225 1862 371 1935 Clamor!
388 1878 421 1931 et
431 1861 475 1930 ad
487 1886 618 1955 regem,
632 1866 690 1959 qui
703 1863 931 1958 deprendere,
943 1865 1136 1934 trahuntur.

270 1978 314 2040 At
325 1971 446 2065 procul
455 1975 576 2040 Actaeis
589 1970 705 2041 dextra
714 1971 787 2066 jam
798 1973 934 2042 Pallade
949 1978 1056 2043 muris

224 2088 315 2152 Juno
327 2081 521 2150 Phoroneas
534 2081 664 2151 inducit
675 2087 801 2176 praevia
815 2102 940 2153 matres
1181 2101 1232 2170 465

178 2319 277 2378 Vetus,
304 2313 425 2388 Indayo,
450 2315 628 2385 investigatio.
656 2313 686 2366 ln
767 2315 827 2382 462.
847 2318 934 2380 Iram,
953 2317 1101 2389 odiumque.
1119 2319 1235 2394 supple,

179 2396 274 2449 Isidori
288 2395 688 2466 Glossis,1ndaqo,investiga·
730 2395 826 2448 inesse.

178 2479 228 2528 tio.
247 2477 364 2527 Duorum
386 2491 402 2526 a
421 2493 449 2526 re
468 2476 620 2540 venatoria,
639 2473 685 2524 ubi
766 2474 828 2540 463.
849 2475 876 2526 C.
892 2493 914 2525 e.
929 2495 954 2526 a.
968 2496 988 2528 r.
1004 2478 1051 2548 (μα’
1064 2477 1237 2548 deprendere,

179 2555 290 2628 irtdaqo,
302 2554 415 2625 spatium
426 2551 526 2604 retibus
537 2550 571 2603 ad
582 2554 687 2623 capien·
732 2552 877 2606 trahuntur.
894 2555 982 2607 Peter.
995 2555 1073 2608 haur.
1094 2557 1192 2609 Buslid.
1211 2572 1237 2611 et

178 2635 227 2688 das
240 2648 266 2686 et
282 2632 456 2686 includendas
468 2632 538 2684 feras
556 2630 686 2684 clausum.
730 2632 791 2686 edd.
816 2648 880 2686 vett.
903 2633 1059 2706 deprendere
1083 2638 1220 2692 trahebant
1227 2661 1237 2700 ,·

178 2710 592 2777 Lucennslibfflflsndodr:
607 2713 686 2762 «Ma-
730 2715 788 2766 Put.
819 2716 887 2766 Dan.
915 2726 941 2764 et
963 2713 1057 2766 Behot.
1080 2715 1238 2788 deprendere

178 2813 286 2869 gnoque
304 2811 412 2846 recessu
436 2791 580 2865 Amplexus
604 2791 685 2857 fines,
730 2791 879 2846 trahuntur.
899 2820 936 2832 -
953 2794 1018 2864 Reg.
1038 2795 1058 2846 B
1078 2793 1173 2863 hehet,
1191 2797 1238 2868 qui

179 2876 272 2940 saltus,
282 2890 478 2944 nemorosaque
490 2886 596 2944 tesqua,
605 2872 637 2925 Et
646 2871 687 2925 sil·
730 2871 918 2945 deprehendere
931 2874 1078 2928 trahuntur.
1091 2905 1127 2914 —
1140 2875 1184 2927 Ad
1195 2896 1237 2929 ne-

179 2971 226 3007 rse
236 2966 373 3025 vastasque
387 2954 457 3004 feras
473 2951 597 3021 indagine
613 2949 687 3002 clau·
728 2971 797 3026 qens.
815 2951 944 3004 Custodes
961 2952 1135 3006 trahebantur
1152 2955 1185 3007 ad
1199 2977 1238 3010 re·

177 3034 247 3086 dien
262 3035 311 3085 llic
323 3049 385 3084 vero
397 3029 523 3083 Scholia:
540 3029 686 3081 continenti
729 3049 806 3102 gem,
824 3043 854 3081 ut
872 3029 991 3082 dicerent
1010 3031 1075 3103 quid
1092 3032 1236 3103 vidissent,

178 3115 294 3167 statione
308 3112 421 3164 militnm
435 3132 441 3161 z
454 3109 632 3162 diciturenim
644 3128 685 3160 ar
731 3127 850 3182 quasque
858 3122 986 3162 tenerent.
994 3113 1237 3168 Laertae-Tra·

177 3205 258 3246 mata.
730 3190 832 3244 huntur
842 3189 1020 3262 (trahebant).
1035 3192 1151 3261 Quidam
1163 3196 1237 3250 endi·

212 3274 276 3342 451.
289 3271 390 3324 Senior.
406 3271 545 3322 Menoetes.
559 3297 595 3308 -
608 3268 684 3341 Ipsoe.
728 3289 773 3323 ces
787 3271 952 3338 Traduntur,
968 3273 1043 3342 quasi
1062 3285 1151 3326 tantus
1168 3289 1237 3329 esset

176 3357 256 3428 Argia
269 3367 294 3407 et
304 3355 445 3424 Antigone.
728 3350 867 3402 mulierum
880 3349 969 3417 ardor,
982 3364 1012 3402 ut
1024 3351 1149 3408 satellites
1163 3357 1236 3428 ipsos

214 3437 275 3504 454,
294 3436 318 3487 Ῑ,
339 3453 361 3486 e.
374 3434 401 3505 f.
416 3450 437 3484 c.
453 3430 582 3504 planpore
593 3429 686 3500 faten-
729 3429 764 3482 etl
775 3449 863 3500 regem
882 3429 1017 3482 traherent
1032 3433 1138 3502 potius,
1154 3453 1236 3505 quam

179 3529 229 3570 tur.
241 3521 299 3573 Put.
310 3513 431 3587 clanqore
437 3512 569 3584 fatentur.
729 3511 816 3562 invites
830 3524 1013 3582 sequerentur.
1028 3511 1070 3564 Sic
1083 3511 1116 3564 de
1128 3519 1235 3588 perjuro

215 3597 276 3663 456.
287 3593 438 3666 Amhipitur
450 3611 529 3656 saeua,
544 3590 686 3643 etc.Amt1'·
730 3591 789 3641 Jur.
798 3589 851 3642 Sat.
861 3589 936 3657 Xlll,
948 3590 1009 3642 108:
1024 3591 1118 3642 «Tunc
1127 3605 1152 3644 te
1161 3612 1236 3646 secra

180 3691 222 3731 tur
230 3679 298 3729 Dan.
308 3677 366 3727 tut.
378 3671 556 3740 Lindenhrog.
570 3685 596 3722 et
607 3672 683 3722 Cruc.
731 3669 764 3722 ad
774 3668 884 3721 delubra
894 3683 1033 3722 vocantem
1044 3671 1176 3742 precedit,
1186 3689 1236 3728 tra·

178 3757 330 3830 Amhipt'tnr
339 3752 442 3807 Behott.
460 3768 487 3816 t,
499 3770 527 3817 a,
541 3753 622 3822 Lnng.
636 3753 685 3804 Pe·
730 3749 1235 3822 hereimmoultroacrexareparatus.-

179 3831 434 3890 trens.Aldd.Besil.
444 3830 528 3882 Plent.
538 3845 564 3882 et
574 3845 685 3884 recentt.
766 3830 827 3898 464.
845 3828 946 3881 Aeneis.
962 3830 1033 3898 Quia
1050 3833 1135 3902 primo
1150 3833 1235 3885 Athe-

179 3915 378 3988 -Amhipt’tun
387 3911 546 3983 Aliilegunt,
554 3911 683 3963 Ambitur.
730 3928 769 3962 nte
780 3909 853 3961 Acte
865 3906 940 3960 dictte
953 3923 1024 3960 sunt.
1043 3910 1171 3962 Ltcrtnr.

180 4025 217 4036 -
224 3999 298 4046 Hanc
308 3995 368 4044 lect.
379 3993 443 4061 tteg.
454 3991 474 4041 B
484 3988 598 4042 exhibet.
763 3986 825 4057 465.
846 3987 1004 4042 Phoroneas.
1024 3990 1144 4061 Argivas.
1165 3989 1236 4043 Pho·

216 4074 277 4142 458.
299 4070 473 4126 Contendunt.
494 4073 573 4123 Hunc
593 4068 683 4122 locum
728 4085 826 4121 rousus
836 4085 882 4120 rex
892 4067 1063 4140 Argivorum,
1075 4070 1120 4141 qui
1132 4070 1234 4141 primus

178 4157 297 4206 imitatur
306 4151 456 4222 Torquatus
465 4151 564 4203 Tassus
573 4151 600 4201 in
613 4148 684 4200 obsi·
727 4149 861 4200 lunonem
873 4143 976 4198 honore
989 4147 1110 4199 sacrificii
1123 4147 1235 4202 decora-

179 4227 515 4299 dionellierosolymitans.
730 4228 802 4278 ravit.

1014 4337 1066 4403 ²9·
