3256 5160
541 618 706 683 ·LlBER
733 617 816 683 ΧΗ.

1155 617 1219 700 453

215 745 411 838 Hospitibus
425 748 519 812 tectis
532 760 658 814 trunco
671 768 827 813 sermone
839 744 1009 829 volucres,

215 864 329 944 Quum
342 854 494 948 duplices
507 853 690 937 thalamos,
704 871 738 923 et
749 857 908 951 iniquum
918 860 1027 923 Terea
1039 855 1196 923 clamant.

163 989 170 1008 ,.
239 996 246 1008 ·
263 967 355 1035 Urbe
368 968 432 1035 fuit
443 965 555 1035 media
567 966 652 1035 nulli
665 991 826 1046 concessa
838 983 1016 1060 potentum

1169 981 1217 1048 tu

217 1085 282 1146 Ara
293 1083 420 1146 Deum:
435 1081 524 1146 mitis
537 1082 654 1172 posuit
664 1078 850 1172 Clementia
862 1078 993 1161 sedem,

219 1193 261 1254 Et
272 1191 386 1256 miseri
398 1189 508 1256 fecere
520 1213 666 1257 sacram:
681 1192 754 1256 sine
766 1189 918 1281 supplice
931 1213 1107 1284 nunquam

220 1296 281 1364 llla
293 1321 400 1366 novo:
415 1297 510 1366 nulla
523 1298 695 1366 damnavit
707 1315 785 1366 vota
797 1297 943 1391 repulsa.

221 1409 348 1494 Auditi,
362 1413 557 1506 quicunque
570 1427 707 1503 rogant3
720 1427 922 1506 noctesque,
936 1410 1077 1508 diesque
1172 1423 1223 1492 485

226 1527 277 1587 lre
291 1519 425 1604 datum,
439 1539 473 1589 et
484 1522 564 1590 solis
576 1548 703 1590 numen
715 1521 851 1617 placare
863 1522 1019 1617 querelis.

222 1637 323 1699 Parca
338 1633 549 1724 superstitio:
564 1657 633 1699 non
646 1631 765 1700 thurea
780 1631 933 1714 flamma,
947 1658 1011 1700 nec
1021 1633 1109 1700 altus

107 1795 109 1798 .
221 1745 390 1834 Accipitur
402 1747 556 1834 sanguis,
569 1743 716 1822 lacrimis
729 1745 846 1811 altaria
859 1743 997 1826 sudant,

221 1859 487 1950 Moestarumque
500 1880 603 1949 super
615 1855 775 1925 libamina
788 1874 876 1925 serta
889 1881 1063 1926 comarum

172 2038 245 2072 versa
268 2017 365 2071 dicitur
387 2021 414 2071 in
437 2019 615 2073 hirundinem.
635 2025 678 2073 ln-

172 2099 205 2151 de
229 2098 382 2150 hirundines
405 2099 522 2152 Thracia.²
543 2099 677 2152 dicuutur.

173 2179 346 2232 proverbium
361 2194 400 2232 est
417 2183 597 2248 notissimum,
614 2185 681 2234 «Ht-

174 2260 288 2313 rundine
298 2260 444 2331 loquacior.
456 2285 467 2309 ι
482 2263 627 2314 Notissima
640 2277 681 2314 est

175 2340 279 2407 fabula,
297 2358 376 2412 quarn
392 2340 463 2412 apud
477 2339 601 2392 Ovidium
617 2360 680 2393 nar-

175 2437 259 2473 ratam
282 2424 406 2491 reperies.
430 2421 612 2492 Apollodorus
634 2421 679 2473 lib.

177 2503 227 2563 lll,
243 2500 403 2572 compendio
419 2517 509 2554 narrat
524 2504 621 2553 omnia.

211 2581 272 2651 479.
292 2580 443 2651 Hospitihus
459 2582 537 2632 tectis.
555 2577 682 2632 Hirundi-

176 2679 222 2713 nes
233 2663 303 2712 enirn
317 2673 378 2711 sunt
387 2660 507 2711 volucres
520 2659 636 2711 advenae.
647 2688 683 2698 —

179 2743 289 2793 Trunco.
310 2742 377 2809 Quia
397 2743 496 2792 Tereus
518 2737 682 2806 Philomela,

177 2839 236 2892 quse
248 2833 341 2891 postea
356 2822 382 2870 in
395 2818 564 2872 hirundinem
582 2832 683 2870 mutate

176 2902 242 2966 fuit,
255 2901 370 2970 linguam
381 2900 549 2971 praeciderat,
564 2919 598 2951 ne
610 2902 683 2969 inju-

178 2981 244 3032 riam
262 2981 311 3031 sihi
331 2980 365 3031 sh
384 2998 416 3030 eo
431 2980 532 3032 illatam
547 2980 681 3051 proderet.

178 3089 214 3099 -·
228 3059 255 3111 V
252 3057 358 3111 olueres.
371 3057 541 3110 llirunrlines.

214 3140 275 3206 480.
295 3137 420 3210 Dupliaes
434 3136 570 3189 thalamos.
583 3136 683 3188 Tereus

179 3219 248 3270 enim
259 3230 381 3287 stuprum
390 3215 516 3268 intulerat
524 3213 683 3280 Philomelae,

179 3317 231 3349 sure
249 3299 340 3348 uxoris
362 3298 475 3348 Procnes
497 3296 591 3346 sorori.
613 3294 684 3345 Nota

177 3377 278 3431 fabula.
293 3379 360 3428 Hinc
372 3377 487 3448 duplices
499 3375 618 3427 thalami.

215 3459 276 3525 481.
299 3458 365 3508 Urbe
379 3456 466 3507 media
482 3475 507 3506 tt.
523 3475 544 3508 c.
558 3475 586 3528 p.
603 3455 635 3505 A.
649 3455 682 3505 D.

180 3543 214 3592 Ut
228 3539 262 3590 ab
277 3537 401 3590 omnibus
415 3535 489 3588 nullo
499 3537 608 3606 negotio
618 3534 684 3587 adiri

179 3631 277 3689 posset.
289 3645 325 3654 -
334 3613 415 3668 Nulli
424 3633 539 3665 concessa
548 3622 684 3686 potentum

179 3697 233 3748 Ara
257 3697 351 3748 Deum.
375 3695 459 3746 Graeci
482 3693 532 3744 hos
554 3691 686 3744 vocabant

178 3773 241 3831 tote
254 3773 379 3837 descruit,
394 3771 434 3824 sui
446 3761 580 3840 ptyaiarur,
595 3769 636 3822 uui
647 3770 686 3824 t'r·

178 3850 299 3909 hristus.
329 3854 362 3903 lli
386 3865 461 3904 eraut
485 3853 528 3903 Dii
555 3853 686 3921 Mores,

181 3952 249 4004 quos
262 3932 313 3984 hoc
325 3931 439 3983 disticho
451 3933 552 3983 Ennius
565 3950 687 4002 compre·

182 4011 295 4064 henditr
319 4034 330 4056 a
340 4012 425 4077 Juno,
440 4015 535 4076 Vesta,
553 4013 687 4077 Minerva,

180 4092 275 4152 Ceres,
288 4088 386 4152 Diana,
395 4090 498 4156 Venus,
515 4092 600 4156 Mart,
618 4091 687 4140 Mer·

182 4169 286 4233 aurius,
303 4167 390 4230 lovis,
411 4170 567 4240 Neptunus,
588 4168 686 4222 Vulca-

182 4265 247 4310 nus,
260 4244 368 4316 Apollo.
380 4269 391 4292 ι

216 4326 276 4393 48].
298 4325 372 4380 Mitis
385 4328 473 4398 potuit
491 4327 634 4380 Clementia
651 4347 688 4382 se·

723 2023 791 2075 dem.
805 2026 880 2076 Hanc
896 2043 969 2075 aram
985 2025 1165 2077 misericordioe
1180 2045 1229 2077 uo-

724 2107 806 2157 minat
815 2105 910 2157 Cicero
920 2107 947 2157 iu
957 2107 1036 2157 Tusa.
1047 2106 1145 2173 Quaest.
1156 2106 1230 2160 Cele-

711 2177 810 2236 ¹bresit
824 2197 849 2236 et
862 2183 1024 2237 Claudianus
1038 2185 1071 2237 de
1086 2185 1159 2237 Bello
1171 2187 1229 2238 Gil-

725 2263 838 2328 donico,
856 2265 917 2330 XV,
940 2264 1012 2331 l0⁵=
1039 2265 1086 2318 «si
1107 2265 1229 2317 flentibus

726 2361 798 2394 aram
814 2345 846 2394 Et
863 2345 1003 2415 proprium
1017 2345 1119 2398 miserit
1132 2365 1229 2397 numen

727 2423 868 2487 statuistis,
882 2420 1024 2475 Artana-
1046 2421 1111 2473 vide
1132 2423 1230 2475 Eume-

727 2502 800 2552 nium
819 2504 846 2552 in
864 2493 985 2555 oratione
1005 2521 1054 2574 pro
1075 2503 1231 2575 reparandis

727 2577 839 2631 Scholis.

763 2658 823 2725 483.
849 2659 885 2711 Et
907 2661 995 2711 miseri
1011 2660 1100 2732 ferere
1122 2679 1231 2713 sacram.

727 2733 913 2808 Corrluqiendo
922 2736 1021 2789 scilicet
1029 2735 1063 2787 ad
1074 2736 1143 2788 hanc
1151 2756 1233 2802 arans,

728 2829 753 2866 et
763 2815 800 2866 ibi
813 2815 970 2885 reperiendo
982 2813 1106 2866 solatium
1119 2817 1173 2868 suis
1187 2835 1233 2868 ca-

727 2893 897 2944 lamitatihus.

764 2970 825 3038 484.
844 2973 867 3024 1.
887 2991 912 3022 a.
931 2969 1008 3023 trulla
1021 2971 1159 3025 damnavit
1175 2985 1233 3026 vota

728 3049 839 3121 repulsa.
863 3049 986 3120 Optimus
1012 3049 1096 3102 codex
1119 3051 1233 3116 Barthii,

728 3128 799 3182 nulli
812 3130 962 3190 damnaria
978 3131 1051 3202 quod
1065 3131 1109 3183 ille
1127 3133 1234 3203 prohat.

727 3237 764 3250 -·
786 3207 854 3260 Vota
877 3206 988 3279 repulsa.
1010 3211 1080 3278 Quia
1100 3210 1144 3262 illa
1166 3231 1236 3263 nun-

729 3307 809 3360 quam
828 3289 984 3340 misetorum
1004 3304 1066 3342 vota
1084 3295 1234 3344 contemsit.

728 3373 855 3423 Ltcmttr.

765 3452 826 3519 486.
845 3452 888 3502 Ire
901 3452 1007 3516 datum,
1024 3461 1051 3502 et
1061 3451 1122 3504 solis
1137 3473 1235 3506 nurneu

728 3532 835 3604 placare
845 3530 963 3605 querelis.
977 3532 1005 3582 ln
1018 3533 1082 3602 Rog.
1094 3534 1113 3582 ll
1125 3553 1174 3586 vox
1187 3537 1236 3587 ista

730 3621 756 3661 et
767 3610 849 3662 abest.
860 3640 895 3651 -
906 3609 1015 3662 Placare
1027 3611 1144 3684 querelis.
1156 3612 1236 3667 Nullo

731 3693 875 3758 sacrificio,
893 3710 942 3742 nec
959 3694 1123 3761 sumptuosis
1137 3693 1237 3746 litatio-

731 3770 825 3834 nibus,
843 3769 890 3822 sed
908 3769 971 3821 solis
989 3771 1143 3822 miserorum
1161 3770 1237 3825 lacri-

732 3850 790 3916 mis,
800 3853 898 3921 pietate
909 3848 1065 3920 opulentum
1076 3869 1173 3902 numen
1184 3852 1238 3923 pla·

731 3931 787 3981 cari
801 3931 948 3982 consuevit.
967 3931 1094 3983 Lucrum.

767 4008 829 4079 489.
845 4009 902 4080 Mq.
913 4028 934 4060 s.
945 4006 1070 4059 libamina
1080 4019 1144 4060 serta
1154 4027 1238 4062 comu-

732 4107 789 4141 rum
802 4092 860 4141 Put.
874 4103 900 4139 et
912 4089 966 4141 duo
977 4087 1126 4139 Burthiani:
1141 4087 1240 4142 libami-

732 4189 767 4222 rta
782 4181 858 4223 secta.
868 4169 935 4220 Vide
949 4169 1036 4221 lleins.
1049 4167 1081 4220 ad
1092 4168 1168 4220 ovid
1185 4183 1203 4220 t.
1214 4173 1239 4236 l,

732 4270 760 4322 p·
772 4251 833 4320 498.
843 4279 877 4290 -
888 4253 963 4300 llanc
973 4249 1034 4301 lect.
1045 4247 1126 4300 habet
1135 4249 1199 4319 lieg.
1210 4253 1239 4300 B.

732 4357 767 4372 --
791 4330 930 4382 libamina
953 4341 1017 4382 sarta
1042 4347 1185 4382 comarum.
1212 4333 1241 4386 ht
