3272 5166
632 589 776 655 LIBER
799 589 842 654 X.
1199 589 1265 656 315

257 721 365 814 Elegit
377 735 553 814 penetrare
565 717 872 803 viros,caelestibus
885 733 924 786 ut
935 741 1028 789 nunc
1214 732 1267 788 635

258 832 402 901 Desiluit
413 834 525 926 gavisa
537 830 646 924 plagis
659 857 666 898 :
680 831 764 899 dant
775 829 866 898 clara
877 833 1004 898 meanti

258 947 357 1010 Astra
369 941 498 1025 locum,
511 965 666 1037 quosque
678 944 751 1036 ipsa
764 940 852 1035 polis
865 939 1136 1034 affixeratignes.

257 1056 402 1148 Jamque
414 1055 537 1146 premit
549 1068 672 1135 terras,
685 1075 749 1120 nec
760 1051 875 1119 vultus
887 1050 930 1118 ab
941 1045 1065 1121 aethe're
1077 1052 1194 1148 longe;

258 1162 321 1232 Sed
332 1161 461 1258 placuit
473 1180 603 1231 mutare
617 1186 739 1255 genas:
753 1162 791 1230 lit
805 1161 945 1256 provida
957 1167 1092 1248 Manto,

258 1278 442 1368 Responsis
454 1293 492 1344 ut
504 1273 606 1371 plana
617 1273 766 1359 fides,et
776 1274 895 1344 fraude
908 1277 1037 1369 priores
1211 1287 1265 1357 tto

256 1390 403 1457 Exuitur
412 1388 527 1458 vultus
540 1416 548 1458 :
561 1388 643 1458 abiit
654 1389 844 1484 horrorque
855 1391 1019 1484 vigorque

257 1502 309 1566 Ex
319 1498 442 1582 oculis,
455 1499 609 1594 paullum
621 1499 751 1570 decoris
764 1505 965 1595 permansit,
978 1499 1155 1596 honosque

256 1607 409 1695 Mollior,
423 1627 457 1679 et
467 1613 578 1705 posito
590 1628 706 1681 vatum
718 1612 904 1704 gestamina
917 1612 1007 1680 ferro
1023 1655 1027 1670 ι

257 1717 415 1788 Subdita:
430 1717 640 1791 descendunt
652 1740 778 1807 vestes,
792 1724 964 1818 torvisque
975 1719 1100 1815 ligatur
1210 1733 1264 1802 ott

256 1831 347 1898 Vitta
359 1834 484 1916 comis;
495 1857 574 1900 nam
588 1832 704 1902 laurus
716 1850 803 1919 erat;
817 1851 931 1902 tamen
943 1857 1062 1926 aspera
1074 1832 1225 1927 pmdunt

256 1942 323 2009 Ora
337 1947 459 2026 Deam,
474 1945 636 2040 nimiique
649 1943 773 2038 gradus
787 1971 794 2012 :
807 1945 856 2013 sic
866 1944 974 2040 Lydia
985 1943 1112 2040 conjux

245 2141 307 2199 635.
325 2144 415 2220 Eteqtr
422 2159 559 2220 penetrare
572 2150 652 2217 viros,
664 2169 714 2203 coe·
758 2148 837 2202 Basil.
851 2149 994 2203 Lindenbr.
1013 2149 1092 2204 Crnc.
1113 2163 1139 2203 st
1154 2150 1263 2204 Gevsrt.
1346 2177 1354 2186 ·

209 2224 313 2277 territus
330 2236 360 2278 ut
378 2246 457 2280 nune.
476 2228 566 2305 Elegit
580 2241 715 2303 penetrare
758 2227 808 2280 liae
817 2228 916 2300 froude
930 2230 993 2302 legit
1006 2228 1129 2282 Barthius
1146 2248 1178 2281 ex
1192 2231 1264 2302 opti-

209 2306 312 2359 am'mos
323 2305 416 2361 Marltl.
432 2306 466 2360 ad
483 2308 544 2362 Silv.
558 2312 586 2376 1,
602 2327 634 2374 2,
650 2327 713 2382 107,
757 2308 807 2359 mis
830 2307 1000 2360 membranis.
1023 2338 1059 2350 —
1081 2310 1215 2380 Responsis
1235 2321 1266 2361 ut

208 2395 238 2434 ut
250 2393 313 2437 tune
323 2386 389 2437 Dan.
400 2389 459 2440 Put.
471 2389 559 2440 Petav.
570 2390 652 2457 Lang.
666 2389 714 2441 Bu·
755 2385 840 2457 plana
850 2385 930 2460 fides.
949 2389 985 2441 Ut
1002 2377 1109 2442 Tiresiae
1128 2391 1264 2462 responsis

208 2461 268 2516 slid.
289 2463 382 2519 Bchot.
401 2465 518 2536 1,Aldd.
534 2467 612 2520 Basil.
628 2467 711 2521 Plant.
757 2465 823 2518 lides
834 2469 983 2538 promptior
992 2465 1144 2535 haberetur,
1157 2487 1216 2540 quae
1223 2471 1265 2540 ju·

207 2543 386 2619 Lindenbrog.
397 2550 502 2602 Gessrt.
515 2561 541 2601 et
550 2551 667 2604 Grssser.
756 2543 950 2618 bebantperire
958 2547 1264 2602 Menoeceurndasc'n-

245 2625 306 2696 637.
326 2625 401 2680 Astra
416 2628 501 2682 locum
509 2669 518 2696 ,
530 2647 644 2704 quosque
658 2630 712 2702 ipsa
756 2625 871 2678 Fraude.
884 2627 962 2694 Arte,
974 2640 1003 2680 nt
1016 2617 1126 2682 falleret.

207 2701 277 2776 polis
288 2703 412 2780 affixerat
422 2709 500 2782 ignes.
517 2711 575 2762 Put.
593 2711 647 2782 ipss
662 2728 713 2781 pe·
792 2705 854 2772 641.
869 2707 902 2757 Ε.
916 2725 940 2758 v.
953 2707 1017 2760 attis
1030 2707 1171 2782 horrorque
1180 2705 1264 2784 vigor·

210 2789 388 2858 tens.-Beg.
399 2791 418 2840 ll
430 2786 511 2842 habet
522 2787 592 2841 hanc
604 2788 711 2842 lection.
755 2804 814 2859 que.
827 2786 903 2837 Unus
918 2783 1011 2839 Behot.
1026 2788 1143 2862 abiitque
1159 2788 1264 2842 horror-

208 2863 272 2938 Reg.
288 2863 309 2917 C
326 2863 423 2934 habet,
441 2885 557 2941 quosque
575 2869 629 2938 ipso
643 2866 713 2939 polis
756 2883 808 2937 que
822 2866 954 2940 vigorque.

208 2939 325 3015 affixerit
343 2945 422 3018 ignes.
435 2975 471 2986 -
482 2943 615 3020 Affirerat
632 2947 711 3018 ignes.
792 2944 853 3012 643.
871 2944 990 2998 Mollior.
1003 2945 1123 2999 Suavior.
1135 2948 1214 3000 Lacr.
1226 2978 1262 2988 -

209 3023 425 3078 Stellasvirorum
435 3028 543 3079 fortium
554 3026 618 3079 dicit
627 3041 713 3080 trans·
757 3023 842 3075 Ferro·
856 3022 967 3090 Gladio,
984 3027 1077 3077 armis:
1090 3027 1180 3080 Virtus
1193 3029 1263 3079 enim

209 3105 282 3157 eunti
288 3102 418 3157 honorem
426 3107 524 3158 referre
530 3106 641 3172 Virtuti,
650 3109 713 3179 quia
757 3114 857 3154 armata
871 3101 1032 3175 depingitur.

208 3183 291 3255 ipsius
312 3186 404 3236 merito
418 3183 594 3256 possederant
611 3184 712 3237 calum.
795 3181 857 3249 644.
881 3182 1046 3236 Descendunt
1068 3195 1153 3239 vestes.
1175 3187 1263 3239 Virtus

207 3263 279 3314 Dicit
294 3276 380 3315 antem
397 3263 538 3332 Liberum,
556 3264 711 3332 Herculem,
757 3261 829 3312 enim
844 3274 1049 3333 repraesentatur
1060 3265 1204 3319 succinctis
1217 3284 1264 3318 vs-

207 3343 363 3410 Castorem,
375 3343 524 3410 Pollucem,
537 3363 605 3416 qnos
617 3343 713 3398 ardens
758 3339 1057 3414 stibus‚utpoteparata
1065 3343 1098 3396 ad
1106 3347 1265 3418 omnisprse·

208 3422 294 3474 evexit
306 3419 340 3474 ad
352 3421 447 3475 aethera
461 3425 553 3476 virtus.
572 3425 649 3477 Lacr.
757 3419 830 3474 clara
843 3421 959 3474 facinora
975 3421 1087 3476 edenda.

243 3501 342 3556 638.J.
353 3521 381 3575 p.
394 3513 412 3554 t.
425 3522 472 3555 nec
482 3503 609 3556 culturali
620 3503 714 3558 oetlrerc
801 3499 863 3566 64⁵.
886 3500 959 3554 Vitta
976 3503 1072 3569 comis,
1091 3523 1153 3555 noos
1175 3503 1265 3560 launo

209 3579 295 3658 longe.
310 3584 339 3635 ln
356 3581 450 3634 eodem
466 3585 522 3634 Put.
540 3580 648 3636 codice:
667 3589 714 3636 nec'
757 3591 819 3633 etot.
839 3579 952 3634 Sensus:
970 3583 1117 3650 Virtutem,
1137 3601 1219 3657 quum
1234 3603 1263 3638 se

208 3663 298 3716 virtus.
322 3694 358 3704 —
378 3663 436 3716 Nec
457 3661 544 3714 vultus
564 3663 598 3714 ab
620 3662 713 3716 oetlere
758 3658 924 3712 assimularet
940 3679 997 3714 esse
1012 3659 1142 3728 Mantho,
1158 3676 1263 3716 tantum

207 3741 295 3820 longe.
307 3741 349 3796 Sic
360 3742 441 3794 Fama
452 3741 597 3812 Virgiliana
609 3743 712 3797 AEneid.
756 3741 835 3792 vittas
856 3742 999 3808 sumsisse,
1019 3761 1073 3795 non
1092 3742 1212 3810 laurum,
1233 3759 1263 3796 ut

91 3873 94 3878 .
207 3825 252 3890 Ν,
269 3842 294 3874 s.
314 3839 379 3894 177:
398 3820 620 3895 slngrediturque
637 3822 712 3891 solo,
756 3818 869 3873 decebat
880 3834 983 3874 ratem:
999 3823 1062 3894 quia
1076 3819 1180 3874 laurum
1193 3841 1263 3876 sem·

207 3916 234 3957 et
248 3917 329 3976 caput
342 3904 410 3955 inter
421 3900 512 3954 nubila
525 3901 625 3954 condit.
637 3926 648 3949 ι
756 3917 806 3971 per
823 3918 904 3972 penes
921 3919 949 3953 se
963 3899 1058 3967 habet,
1072 3900 1189 3974 ideoque
1207 3921 1263 3956 non

243 3981 305 4054 639.
325 3983 430 4034 Mutare
447 4000 536 4054 genas.
556 3979 712 4055 Transfign-
755 3977 966 4034 habuitnecesse
975 3979 1081 4035 aliunde
1089 3995 1188 4054 petere.
1200 3985 1263 4036 Bus-

206 4081 266 4115 rare
278 4081 306 4115 se
320 4063 346 4113 in
359 4060 438 4113 sliam
449 4059 572 4111 formam.
592 4060 672 4114 Lscr.
756 4075 831 4111 nsnr.
842 4088 878 4100 -
888 4061 960 4114 Nam
979 4059 1068 4113 laurus
1081 4072 1145 4114 erut.
1160 4063 1263 4116 Laurus

243 4137 713 4214 lilodlesponss'sutplanafidenlle·
756 4157 899 4192 commune
920 4153 960 4192 est
983 4154 1074 4193 satum
1097 4153 1124 4193 et
1143 4143 1262 4194 virorum

207 4223 304 4296 sponsis
315 4233 345 4275 ut
353 4218 509 4295 plenafidet
518 4221 599 4292 Lang.
612 4219 710 4274 lluslid.
756 4220 865 4272 fortium
880 4220 971 4274 decus.
990 4221 1067 4274 lisca.

208 4303 276 4355 Dan.
297 4302 385 4354 Petav.
408 4297 485 4352 Aldd.
505 4297 591 4351 Colis.
610 4299 710 4372 Gryph.
792 4299 853 4367 646.
870 4300 953 4371 Lydia
965 4304 1068 4372 conjux.
1082 4301 1214 4373 Omphale
1223 4323 1261 4356 re-
