3256 5160
575 541 718 606 arona
743 541 827 606 xu.
1164 543 1231 628 433

222 668 365 737 Alitibus
378 691 447 736 non
459 667 521 736 hos
533 669 647 761 potius
659 672 884 763 supponimus
896 676 1010 738 artus?

223 785 267 848 Et
278 805 369 848 nunc
380 805 435 848 me
445 780 581 865 duram,
595 784 622 849 si
634 786 710 877 quis
724 782 783 850 tibi
797 805 939 866 sensus,
952 782 997 851 ad
1008 783 1147 853 umbras

224 895 281 958 Me
292 890 423 959 tardam
437 893 590 985 quereris
602 893 741 986 Stygiis,
755 889 934 974 fidissime,
948 895 1051 962 Divis.
1181 910 1232 961 215

224 1009 300 1071 Heu
313 1005 340 1070 si
353 1002 466 1071 nudus
479 1003 606 1088 adhuc,
619 1004 686 1072 heu
699 1007 726 1073 si
735 1001 807 1098 jam
818 1003 905 1072 forte
915 1005 1087 1098 sepultus,

225 1121 385 1185 Nostrum
399 1133 582 1213 utrumque
594 1118 704 1186 nefas:
717 1117 803 1185 adeo
816 1120 867 1186 vis
879 1116 975 1186 nulla
986 1117 1132 1202 dolenti,

226 1232 319 1296 Mors
332 1253 519 1322 nusquam,
532 1253 710 1324 saevusque
721 1233 847 1297 Creon:
860 1227 1007 1298 hortaris
1020 1247 1175 1312 euntem,

227 1339 354 1407 Oruite.
367 1369 380 1400 ιν
397 1341 449 1408 Sic
462 1338 576 1407 dicens
589 1364 712 1432 magno
723 1339 892 1432 Megareia
904 1363 1058 1434 praeceps

227 1454 315 1517 Arva
328 1452 417 1542 rupit
428 1474 548 1542 passu:
563 1449 773 1518 demonstrat
784 1451 938 1542 proxima
951 1451 1103 1545 quisquis
1184 1481 1235 1516 220

228 1561 373 1646 Obvius,
386 1562 618 1658 horrescitque
629 1561 765 1633 habitus
776 1615 785 1646 ,
798 1565 1025 1656 miseramque
1036 1580 1182 1631 veretur.

228 1671 329 1740 Vadit
341 1689 437 1741 atrox
449 1675 539 1754 visu',
552 1698 615 1742 neo
630 1672 748 1756 corde,
761 1697 824 1740 nee
835 1697 917 1740 aure
929 1695 1130 1764 pavescens,

229 1790 272 1852 Et
282 1787 395 1854 nimiis
409 1786 537 1853 confisa
549 1785 663 1868 malis,
676 1787 884 1880 propiorque
896 1786 1016 1851 timeri.

221 1959 685 2032 213.Hosp.r.ortessuosintelligit.
767 1961 827 2014 218.
852 1959 925 2010 Mors
945 1975 1088 2030 nusquam,
1108 1973 1237 2032 serusque

219 2036 279 2104 ²¹⁴l·
292 2038 322 2090 Si
333 2040 390 2110 quis
402 2039 450 2090 u'tt
465 2057 558 2092 sennes.
576 2041 688 2091 Dubitat
734 2042 830 2093 Creon.-
840 2040 948 2091 hortaris
957 2049 1070 2090 euntem.
1081 2039 1139 2091 Put.
1150 2055 1239 2092 soevue

182 2117 347 2188 ineo,quod
356 2117 577 2190 philosophorum
591 2118 688 2171 aliine-
733 2140 766 2172 ne
784 2121 875 2174 Creon.
899 2150 937 2160 —
956 2122 1030 2171 llano
1049 2116 1111 2170 lect.
1134 2121 1199 2191 lleg.
1219 2121 1240 2170 B

183 2209 247 2268 gant
261 2196 327 2261 boe,
347 2195 390 2248 olii
406 2197 527 2250 credunt.
546 2201 639 2252 Cicero
661 2200 689 2251 iu
732 2198 855 2272 praeben
872 2199 935 2268 Reg.
955 2198 976 2249 C
997 2210 1122 2250 nostram.
1141 2197 1188 2249 Eo.
1204 2226 1240 2238 -

184 2277 287 2330 Catone
299 2278 402 2349 Majore
420 2277 535 2331 residere
558 2281 585 2331 in
604 2292 689 2330 morte
733 2279 853 2331 Hortaris
867 2288 979 2330 euntem.
991 2276 1085 2328 Verbis
1096 2275 1228 2328 dehortan

184 2376 290 2410 sensum
318 2371 402 2430 putat.
424 2358 553 2410 leocrates
577 2357 689 2410 dubitat.
735 2358 806 2410 tibus
816 2355 971 2410 cohortaris.

184 2438 253 2489 Nam
265 2437 292 2486 iu
305 2437 426 2506 Euagora
439 2435 506 2501 liert,
519 2437 570 2501 ait,
584 2434 641 2490 irrir
651 2433 690 2486 oi·
771 2455 830 2509 219.
843 2435 976 2510 Meqoreio
985 2435 1239 2508 Aromblegaridem.

184 2515 260 2571 σθνννς
271 2514 318 2571 τοῖς
327 2515 498 2568 antimaria·
507 2513 559 2582 mpl
567 2512 613 2568 νῦν
624 2513 692 2568 irini·
734 2517 800 2570 Vide
813 2516 899 2570 Theb.
912 2519 939 2582 1,
950 2532 992 2586 ²9·

185 2594 210 2644 dr
220 2590 367 2659 γιγνομὲνων.
380 2594 410 2646 Si
421 2594 478 2665 quis
491 2610 575 2644 senem
584 2593 692 2643 mortuis
773 2613 832 2648 220.
841 2595 874 2647 A.
884 2613 902 2648 r.
909 2613 937 2666 p.
948 2594 974 2646 d.
983 2595 1106 2667 proximo
1114 2595 1240 2667 quisquis.

184 2673 217 2724 de
229 2672 335 2746 hisque
347 2673 389 2723 lu'e
391 2670 475 2745 fiunt.
489 2670 590 2723 Eadem
608 2668 690 2722 habet
734 2675 764 2726 ln
783 2674 877 2727 eodem
899 2675 957 2726 Put.
980 2672 1073 2724 codice
1092 2694 1098 2722 :
1119 2671 1242 2744 proxima

185 2753 213 2805 in
234 2751 415 2804 Platoeensium
435 2750 645 2823 supplicatione,
664 2763 691 2803 et
734 2754 850 2827 quisque.

186 2833 214 2883 in
227 2833 346 2884 oratione
361 2833 515 2902 AEginetiea.
772 2849 832 2898 aar.
849 2831 878 2884 0.
892 2829 935 2903 bq.
949 2829 976 2880 h.
990 2830 1163 2901 miseramque
1174 2847 1241 2880 vere-

224 2910 284 2964 215.
295 2913 341 2963 Me
350 2911 450 2962 tardam
461 2911 572 2983 quereris
584 2911 689 2983 Styqiis,
736 2923 785 2964 tur.
798 2934 808 2958 ι
821 2914 894 2963 Bona
902 2911 1048 2980 scriptura,
1060 2909 1242 2983 (miseramque

179 2988 322 3064 fidissime,
337 2990 418 3043 Diris.
429 2992 458 3041 ln
472 2991 536 3061 lleg.
557 2993 577 3043 B
593 2992 692 3060 reperi·
737 2990 853 3060 veretur)
863 3007 911 3041 nec
928 2986 1054 3040 mutanda
1069 3009 1076 3039 ε
1090 2990 1119 3040 in
1133 2987 1241 3041 duobus

186 3083 246 3136 tur,
261 3073 306 3122 Me
316 3071 416 3124 tardam
427 3071 523 3143 Styqiis
532 3071 656 3143 quereris,
657 3067 693 3140 fi
736 3089 799 3123 vero
812 3069 885 3120 libris
897 3067 993 3138 legitur
1003 3106 1012 3134 ,
1022 3067 1242 3142 miseransqueoe·

187 3152 303 3216 dissime,
316 3149 405 3210 Divis,·
418 3151 444 3200 iu
458 3150 520 3220 Reg.
533 3151 567 3213 C,
581 3151 626 3199 Me
639 3159 693 3200 tar·
737 3162 816 3202 retur.
833 3145 964 3219 Ambigua
983 3166 1025 3198 res
1040 3149 1087 3210 sit,
1101 3166 1150 3200 nee
1167 3161 1242 3200 muto

188 3234 248 3286 dam
258 3249 362 3304 querere
370 3227 690 3306 StygiisfidissimeDiris.
737 3226 1241 3300 temenvolgatamlectionemullam.

188 3342 224 3353 -
234 3311 358 3364 Turdam.
373 3312 434 3361 Non
447 3308 650 3380 respondentem
663 3306 694 3358 fi-
775 3324 834 3360 222.
849 3307 881 3361 V.
892 3327 917 3358 o.
929 3328 952 3359 u.
964 3325 1010 3359 neo
1020 3308 1109 3373 corde,
1121 3327 1167 3361 nee
1179 3327 1244 3360 aure

188 3392 233 3446 dei
250 3410 312 3464 ergq
329 3404 355 3443 te
374 3409 439 3442 mea
457 3391 573 3463 quereris
590 3387 693 3440 tardam
736 3385 1246 3461 pavescens.nMinusbonumest,quod

188 3473 280 3525 venire
302 3469 336 3524 ad
357 3469 459 3542 Stygios
482 3471 575 3535 Divos,
596 3468 694 3535 idest,
738 3472 765 3521 in
788 3466 855 3520 libro
871 3487 927 3520 uno
946 3481 972 3519 et
991 3466 1071 3520 altero
1091 3482 1245 3540 repertum:

189 3549 346 3622 protrahere
364 3568 450 3600 meam
468 3561 579 3600 mortem
600 3561 694 3600 eontra
741 3547 782 3601 nil
793 3549 869 3600 corde
881 3567 928 3599 nee
937 3566 1007 3599 oure.
1021 3548 1138 3600 „Birra
1149 3549 1187 3600 lta
1200 3548 1245 3602 ha·

190 3628 308 3680 debitam
319 3627 406 3680 fidem.
416 3629 476 3678 Vet.
487 3625 576 3678 Schol.
586 3623 639 3678 Sed
647 3635 697 3677 tar·
740 3627 803 3679 bent
816 3625 908 3678 Behot.
927 3642 948 3692 t,
961 3644 1029 3678 unus
1038 3625 1246 3699 Lindenbrogii,

191 3708 253 3760 dum
264 3707 307 3760 hie
324 3705 457 3778 intelligo,
477 3703 550 3777 quod
567 3704 695 3772 retardet,
740 3706 856 3776 Lipsian.
870 3719 896 3757 et
907 3707 1012 3757 Venett.
1030 3722 1051 3771 r,
1065 3722 1094 3772 2,
1107 3705 1173 3758 alter
1182 3725 1245 3760 vero

192 3801 220 3842 et
229 3787 350 3840 nonduin
360 3806 421 3839 eum
434 3784 578 3857 sepulture
590 3785 696 3838 manda·
742 3785 834 3836 Behot.
851 3784 892 3835 nil
898 3783 987 3850 eorde,
1001 3781 1043 3834 nit
1052 3804 1124 3836 aure.
1135 3787 1247 3839 -llanc

192 3868 267 3919 verit.
395 3917 399 3928 ,
741 3862 801 3915 leot.
812 3865 893 3934 Regg.
910 3866 964 3915 Bet
974 3863 995 3914 C
1007 3861 1139 3914 exhibent.
1150 3864 1198 3915 Eo.

230 3963 290 4016 ²¹7·
313 3947 438 3999 Nostrum
459 3954 597 4017 utrumque
614 3945 696 4017 nefas.
779 3943 840 3996 223.
864 3943 901 3994 Et
921 3942 1009 3995 nimiis
1031 3940 1128 4015 confiso
1153 3943 1247 4009 matta,

192 4025 242 4078 Vel
254 4026 317 4096 quia
329 4025 469 4098 sepulture
480 4039 506 4077 te
520 4044 576 4078 non
586 4024 698 4078 manda·
740 4022 898 4096 propiorque
904 4021 998 4073 timeri.
1009 4023 1069 4073 Put.
1078 4021 1249 4093 propriorque

193 4105 292 4170 verim,
311 4101 352 4156 vel
377 4104 448 4175 quod
472 4103 538 4158 elius
558 4104 586 4157 in
614 4103 700 4157 hoece
745 4101 986 4173 timeri.-lleg.B
1003 4098 1099 4166 habet,
1113 4101 1150 4152 Bt
1160 4101 1249 4153 nimiis

194 4183 301 4257 pietatis
323 4181 412 4236 officio
432 4182 481 4236 tibi
499 4185 634 4256 prestito,
657 4202 699 4235 me
744 4181 848 4256 confixo
860 4179 953 4247 matis,
962 4179 1133 4254 propriorque
1145 4180 1248 4242 timeri,-

195 4263 358 4337 prerenerit.
743 4263 807 4333 lleg.
821 4261 973 4314 Cnostram
986 4259 1047 4312 leet.
1057 4259 1104 4310 Eo.

293 4355 358 4421 III.
1065 4351 1107 4416 28
