3230 5168
555 590 696 654 LIBER
721 593 823 656 Vlll.
1153 625 1208 666 rar

217 717 284 779 Ceu
295 711 396 780 modo
408 714 644 806 gemmiierum
655 715 774 811 thyrso
786 719 971 813 populatus
984 722 1185 816 Hydaspen,

216 826 368 917 ansque
381 823 517 908 domos,
530 829 617 919 nigri
628 828 750 897 vexilla
760 832 924 925 triumphi

217 930 332 1016 Liber,
345 948 379 1001 et
390 935 521 1025 ignotos
534 935 668 1029 populis
681 938 874 1008 ostenderet
886 942 997 1012 Indos.
1164 963 1215 1032 239
1260 959 1264 972 '

261 1046 350 1110 Tum
361 1045 510 1135 primum
520 1043 564 1114 ad
575 1061 695 1130 coetus,
708 1051 874 1146 sociaeque
883 1052 926 1120 ed
937 1053 1063 1124 foedera
1072 1081 1213 1140 mensae,

217 1155 354 1245 Semper
364 1153 599 1248 inadspectum
610 1207 619 1238 ,
631 1157 771 1254 diraque
783 1163 819 1226 in
831 1159 910 1230 sede
922 1161 1098 1249 latentem,

217 1260 417 1356 OEdipoden
430 1267 537 1336 exisse
551 1265 681 1351 ferunt,
694 1268 860 1365 vultuque
871 1294 990 1340 sereno

217 1375 379 1442 Canitiem
390 1378 521 1468 nigram
534 1377 706 1473 squalore,
719 1396 753 1448 et
763 1381 897 1450 sordida
908 1383 992 1452 fusis

216 1485 283 1550 Ora
295 1485 399 1552 comis
410 1483 541 1554 laxasse
553 1511 677 1570 manu,
690 1492 887 1586 sociamque
897 1491 1062 1586 benignos

217 1596 410 1680 Affatus‚et
420 1599 538 1669 abacta
549 1603 643 1694 prius
656 1601 774 1672 solatia
785 1627 939 1698 passum:
1165 1621 1215 1688 ²4⁵

171 1824 238 1876 Dan.
253 1839 280 1878 et
291 1826 383 1882 Behot.
400 1847 431 1894 a,
446 1831 592 1915 nulsup'am
605 1834 673 1888 deest
716 1846 754 1890 ret
768 1839 855 1891 Indos.
871 1841 938 1891 Dan.
952 1839 1009 1888 Pnt.
1023 1849 1050 1889 et
1063 1837 1117 1889 Pet.
1132 1845 1216 1890 osteu-

171 1905 227 1957 l'ut.
241 1906 327 1961 Peter.
337 1909 448 1962 Cantab.
458 1912 539 1984 lang.
551 1911 672 1985 plerique
716 1916 790 1970 derit.

171 1982 382 2058 Lindenbrcg.et
391 1988 469 2043 Grac.
477 1989 544 2044 Vide
554 1992 670 2046 Gronov.
753 1994 1216 2066 udoTnmprimumadccstaeiieg.

172 2061 206 2114 ad
217 2061 301 2116 Theb.
315 2067 355 2133 11,
369 2065 417 2120 551
436 2081 464 2121 et
476 2081 541 2122 tom.
558 2070 670 2142 praeced.
716 2075 753 2142 B,
767 2085 830 2128 turso
839 2076 969 2147 primum,
982 2088 1034 2128 etc.
1045 2071 1141 2136 baben
1152 2073 1217 2142 Reg.

170 2161 230 2214 pag.
244 2145 313 2210 2285
329 2147 408 2202 nullis
421 2151 488 2221 quin
501 2150 570 2206 deest
582 2171 631 2224 pro
646 2173 671 2206 r.
716 2153 738 2205 C
753 2165 823 2206 nost.
842 2151 948 2206 lection.
969 2153 1015 2204 En.
1035 2179 1071 2190 —
1086 2151 1219 2223 Socioeque

171 2221 188 2274 l.
198 2225 225 2275 in
234 2243 289 2278 uno
299 2225 392 2279 behet.
404 2227 483 2284 nullis
491 2232 577 2284 deerat
588 2231 673 2286 codex
716 2230 751 2282 acl
757 2231 860 2303 fudere
870 2247 972 2284 meusoe.
985 2231 1054 2298 Quis
1068 2227 1145 2282 simul
1156 2246 1219 2280 una·

170 2300 327 2371 Burmanni,
340 2324 401 2358 cum
410 2307 501 2378 glossa
512 2307 653 2382 deficiebat.
717 2327 769 2381 que
781 2307 968 2380 epulabantur,
982 2322 1009 2361 et
1020 2326 1116 2360 mensae
1127 2305 1218 2360 crede·

212 2383 270 2454 ²37.
299 2384 407 2456 Thyrsa-
429 2386 547 2460 Thyrsus
569 2391 672 2460 insigne
716 2388 816 2440 bantur
838 2405 928 2441 sacrae.
950 2385 1085 2439 Arnobius
1107 2384 1153 2438 lib.
1176 2386 1217 2435 ll:

171 2461 267 2514 Bacchi
281 2477 308 2515 et
321 2462 519 2518 Bacchantium.
532 2495 567 2506 -
578 2468 672 2537 Hyda-
720 2465 833 2518 «Sacrae
851 2465 938 2516 fecitis
952 2481 1058 2518 mensas
1075 2462 1219 2516 salinorum

170 2562 240 2614 spen.
261 2541 399 2616 Hydaspes
420 2545 515 2599 fluvius
534 2545 613 2600 ludier
633 2549 673 2600 iu·
716 2546 856 2617 appositu,
869 2555 896 2597 et
909 2543 1057 2596 simulacris
1069 2542 1217 2596 Deorum.-

172 2619 254 2674 Suens
266 2623 294 2674 in
308 2621 410 2674 Indum.
423 2625 531 2695 Optima
542 2639 632 2678 autem
646 2627 673 2678 in
754 2621 814 2688 adr.
833 2624 942 2694 Semper
958 2623 1153 2694 irrumpentium,
1168 2634 1218 2672 etc.

171 2703 227 2772 ejus
238 2699 314 2754 alveo
325 2721 488 2774 gemmarum
505 2723 537 2757 ac
553 2704 673 2775 lepidum
717 2703 825 2774 Semper
841 2703 868 2754 irs
886 2713 1018 2774 aspectum
1037 2699 1116 2754 Aldd.
1133 2697 1219 2752 Colin.

170 2798 267 2850 genera
279 2783 458 2854 reperiuntur,
471 2782 552 2834 veluti
564 2782 674 2857 Lychni·
719 2796 746 2833 et
760 2780 837 2833 Basil.
854 2809 889 2818 -
907 2779 1016 2852 Semper
1033 2780 1060 2830 in
1079 2788 1218 2850 aspectum.

171 2859 674 2934 tes‚Adamas,Beryllns‚Achates,et
718 2861 820 2913 Veteris
836 2859 996 2912 membranas
1013 2857 1071 2910 hren
1089 2859 1221 2926 scriptura

171 2933 674 3016 eliiinnumerabiles{undeqemmifen
719 2953 774 3007 est,
794 2953 821 2993 et
839 2941 895 2992 sine
914 2938 996 2990 dubio
1012 2937 1114 3009 Papinii
1128 2936 1219 2990 Mens:

209 3017 268 3072 238.
278 3019 357 3092 Niqri
368 3017 463 3071 vexilla
473 3018 607 3090 triumphi.
617 3017 675 3070 lndi
718 3017 853 3090 OEdipum
863 3019 909 3088 qui
918 3015 1048 3069 hactenus
1058 3015 1186 3081 latuerat,
1196 3027 1223 3068 et

171 3095 676 3164 enimdebellatiallaccbo‚etintrium·
720 3117 737 3152 e
754 3099 859 3150 nemine
876 3099 949 3150 visus
968 3097 1070 3162 fueret,
1090 3097 1118 3148 in
1133 3093 1222 3166 publi-

170 3174 257 3246 pbum
266 3175 353 3230 ducti:
364 3175 426 3230 ideo
437 3175 502 3230 dicit
510 3177 676 3252 niqritrium·
720 3196 780 3232 cum
794 3175 934 3248 prodiisse.
945 3173 1022 3248 Vulg.
1035 3193 1134 3252 semper
1145 3174 1173 3226 in
1184 3192 1222 3226 as-

168 3254 222 3327 plri
240 3253 276 3308 ob
296 3254 393 3322 Indos,
415 3258 460 3329 qui
478 3257 595 3328 nigriore
614 3268 676 3308 sunt
718 3270 830 3329 pecuum.
846 3255 1090 3326 Banu-Semper
1102 3254 1222 3325 inadspe·

171 3334 260 3388 vultus
271 3333 369 3390 colore.
380 3338 538 3390 —Victoria
548 3349 574 3390 et
584 3337 674 3388 trium-
720 3349 791 3390 ctum
798 3377 807 3404 ,
818 3350 869 3390 etc.
877 3333 1070 3400 Vide'l'beb.l‚
1078 3332 1125 3401 46,
1133 3345 1159 3384 et
1167 3349 1222 3404 seq.

169 3413 228 3486 pbo
238 3414 336 3468 Bacchi
346 3414 438 3469 Iudico
450 3414 515 3467 nibil
527 3413 599 3487 apud
608 3434 675 3487 poe·
757 3417 815 3484 ada.
844 3413 1001 3486 OEdipodeu
1021 3413 1099 3466 exisse
1110 3411 1223 3484 ferunt,

170 3509 213 3548 tas
227 3493 394 3548 celebratius.
408 3495 530 3548 Meminit
548 3494 675 3563 Ovidius,
721 3509 771 3550 etc.
786 3495 968 3568 Lindenbrog.
982 3495 1060 3548 exisse
1066 3493 1167 3565 ferum.

170 3575 237 3626 Met·
251 3573 295 3642 lv,
310 3589 359 3636 ²03
372 3575 440 3626 Fert.
453 3574 505 3639 111,
519 3571 571 3640 465
580 3591 588 3634 ;
598 3572 676 3626 Arie-
757 3575 817 3646 243.
837 3575 908 3628 Fusis
918 3575 1005 3630 comis.
1014 3574 1093 3625 Facie
1105 3569 1225 3642 undique

171 3673 238 3720 nus,
250 3657 341 3708 Descr.
353 3654 433 3708 Orbis
442 3656 543 3721 Terre,
553 3672 578 3707 r.
592 3654 674 3708 1383:
722 3654 839 3708 crinibus
854 3652 987 3718 obducta,
1000 3665 1110 3724 propter
1122 3663 1163 3702 tot
1177 3668 1224 3704 an·

174 3731 677 3805 ·Ducitlaurigerospoetlndicabella
722 3751 817 3786 norum
830 3732 988 3806 squalorem.
1174 3810 1179 3821 Ι

171 3811 332 3884 trinmpboe.
342 3836 354 3859 ι
363 3811 499 3866 Sednemo
507 3811 677 3880 luculentius,
759 3811 819 3879 ²44·
834 3813 943 3864 Luam
951 3829 1043 3862 manu.
1055 3808 1225 3863 Submovisse

170 3889 579 3962 inquitWernsdorliusadbunc
585 3893 677 3944 Avieni
721 3904 804 3944 tetros
818 3889 945 3963 capillos,
959 3903 988 3942 ut
1002 3903 1154 3942 cerneretur
1166 3890 1223 3958 ejus

171 3970 281 4038 locum,
304 3981 331 4024 et
356 3973 491 4044 copiosius
512 3971 677 4044 triumphum
722 3971 813 4024 facies.

173 4049 271 4102 bacchi
287 4048 444 4122 descripsit,
459 4068 538 4123 quam
552 4050 676 4104 Sidonius
759 4049 818 4119 ²4⁵·
833 4044 1224 4121 Brasacupritusolauafflro

173 4128 263 4201 Apoll.
278 4129 366 4182 Germ.
384 4129 472 4195 Xlffl,
490 4129 563 4202 quod
576 4131 679 4199 Burgus
723 4125 1146 4213 pulsateaseetinterdictasibip
1157 4123 1222 4178 Hor.

172 4209 262 4262 Pontii
276 4207 379 4260 Leontii
392 4207 554 4262 inscribitur.
573 4212 619 4262 Eu.
723 4209 777 4262 Sat.
796 4211 834 4274 ΙΙ,
852 4208 903 4276 45,
922 4203 1058 4259 unecdnm
1071 4220 1156 4255 omnis
1172 4200 1222 4253 ab·

214 4285 273 4358 239.
293 4289 328 4338 Et
340 4287 441 4360 ipnotos
451 4288 557 4360 populis
568 4289 678 4342 ostende·
724 4303 782 4342 ecta
794 4288 934 4357 pauperies
950 4282 1036 4356 epulis
1050 4285 1160 4351 Regum.
1173 4304 1184 4334 ι
