3230 5168
393 607 452 683 tol
623 603 658 665 r.
684 602 719 666 r.
746 601 900 668 srn'ru
925 603 1202 670 rnnnsrnos·

434 731 541 794 Marte
555 745 673 794 ruant:
689 729 748 808 sit,
762 729 820 822 qui
832 725 1026 795 rabidarum
1037 751 1130 796 more
1142 730 1290 798 ferarum

434 835 574 904 Mandat
584 853 679 904 atrox
691 835 813 904 hostile
824 853 944 929 caput,
956 840 1083 932 quique
1093 841 1169 930 igue
1181 862 1343 932 supremo

436 955 554 1016 Arceat
565 947 752 1044 exanimes,
764 962 797 1012 et
808 945 965 1014 manibus
976 947 1102 1046 aetbera
1113 946 1213 1015 nudis

434 1054 664 1124 Commaculet
674 1081 681 1122 :
691 1054 787 1149 juvet
798 1059 861 1123 ista
871 1056 982 1124 ferum
994 1073 1145 1150 spectare
1156 1062 1355 1126 Tonantem.

437 1172 599 1236 Praeterea
610 1190 653 1234 ne
665 1165 737 1234 sola
748 1167 843 1234 furor
854 1190 930 1234 mea
940 1191 1045 1258 regna
1056 1165 1214 1246 lacessat,
1398 1180 1431 1247 7⁵

434 1283 556 1364 Quaere
568 1281 646 1344 Deis
657 1281 717 1371 qui
728 1276 816 1350 bella
828 1277 931 1358 ferat,
945 1280 1003 1372 qui
1016 1276 1167 1346 fulminis
1179 1280 1292 1370 ignes,

436 1387 671 1480 infestumque
681 1392 800 1455 Jovem
812 1385 921 1481 clipeo
934 1388 1086 1456 fumante
1098 1386 1247 1481 repellat.

436 1503 524 1564 Faxo
536 1495 630 1564 baud
640 1500 683 1564 sit
695 1499 824 1564 cunctis
836 1495 944 1566 levior
954 1515 1082 1579 metus,
1095 1515 1166 1566 atra
1178 1522 1312 1567 movere

434 1611 591 1690 Tartara,
604 1607 776 1675 frondenti
789 1633 892 1704 quam
901 1607 1045 1702 jungere
1057 1609 1170 1690 Pelion
1183 1613 1288 1678 Ossoe.
1302 1639 1315 1668 n

482 1721 636 1788 Dixerat:
651 1736 751 1814 atque
764 1717 813 1795 illi
821 1718 1025 1814 jamdudum
1036 1723 1126 1813 regia
1139 1723 1243 1790 tristis
1401 1733 1434 1787 8ο

392 1935 446 1974 not.
462 1919 496 1972 ad
508 1919 574 1974 illud
585 1921 709 1976 Ovidisn.
721 1924 828 1975 Metam.
841 1927 891 1988 lx,
935 1927 1037 1990 innuit,
1056 1926 1102 1997 qui
1116 1925 1258 1996 impietatis
1269 1941 1363 1995 poenes
1381 1920 1434 1972 sol·

393 2000 456 2068 4053
466 2000 596 2072 ibuntque
604 2021 681 2074 pares
689 2005 715 2054 in
723 2003 830 2056 vulnera
841 2003 892 2054 fra-
936 2005 988 2068 vit‚
1003 2002 1114 2056 fulmine
1129 2021 1269 2074 percussus
1284 2020 1300 2053 a
1311 2003 1392 2066 Jove,
1406 2013 1435 2050 ut

393 2094 454 2132 tres.
464 2103 474 2126 ι
485 2079 560 2132 Nost.
572 2079 633 2133 edit.
642 2093 706 2134 torn.
716 2085 760 2148 lv,
769 2100 831 2154 pag.
844 2082 892 2135 116
937 2080 1025 2134 videre
1036 2097 1074 2134 ert
1085 2081 1134 2134 sub
1146 2081 1225 2133 finem
1235 2081 1321 2133 Theb.
1332 2083 1364 2133 x.

393 2173 419 2210 et
436 2175 492 2227 117.
508 2159 649 2226 Manilius,
663 2163 770 2214 Astron.
782 2164 827 2214 lV.
843 2162 892 2228 843
974 2177 1015 2230 77.
1027 2160 1115 2234 Clipea
1119 2160 1251 2232 fitmante
1262 2161 1321 2213 lem
1328 2171 1435 2230 recepto

396 2263 407 2284 ι
418 2239 511 2290 Mutua
527 2243 621 2292 armati
634 2257 735 2294 coeunt
746 2243 773 2294 in
784 2242 894 2294 vulnera
939 2241 966 2291 in
978 2239 1093 2310 elipeum
1105 2257 1182 2291 suum
1193 2239 1311 2290 fulmine.

394 2319 497 2370 fratres.
510 2343 521 2365 ·
538 2320 583 2370 En.
976 2317 1017 2385 78.
1031 2317 1220 2368 noviomem.
1231 2314 1304 2368 Bello
1314 2315 1384 2367 enirn
1393 2314 1438 2366 Gi-

431 2414 472 2466 7¹·
503 2397 552 2467 Qui
569 2399 715 2450 rabidarum
736 2419 807 2454 more
818 2402 895 2473 fera·
939 2409 1048 2466 gentum
1070 2396 1193 2447 metuisse
1215 2408 1329 2446 extrema
1350 2393 1438 2445 omuie

395 2493 461 2527 mm.
476 2477 551 2528 Unus
564 2477 656 2530 Bebot.
672 2481 829 2550 trepidorum.
940 2478 1011 2529 Deos
1024 2475 1198 2528 autumabant
1209 2472 1337 2526 ldolatrae.
1353 2471 1440 2524 Mant-

433 2571 474 2623 7²·
496 2555 608 2608 Mandat
617 2569 692 2608 atrox
706 2554 797 2610 hostile
807 2569 894 2630 caput
941 2557 1007 2622 lior,
1021 2557 1127 2609 Astron.
1141 2558 1168 2619 l·‚
1183 2555 1235 2623 414
1245 2569 1271 2608 et
1282 2573 1357 2626 seqq.
1373 2576 1385 2600 ι
1394 2571 1440 2606 ra·

395 2633 523 2704 nesigno
532 2633 665 2705 Tydeum‚
676 2636 722 2708 qui
730 2638 844 2688 moriens
854 2655 897 2688 ea·
942 2649 997 2688 stos
1008 2653 1090 2706 quum
1101 2649 1169 2686 terra
1179 2635 1298 2706 gigantes
1310 2635 1340 2684 ln
1350 2631 1440 2684 celum

394 2726 445 2784 put
463 2711 613 2784 Menalippi-
628 2716 673 2784 qui
691 2713 765 2765 illum
784 2714 896 2768 letaliter
940 2712 1234 2779 furibundetulit‚tum
1241 2711 1382 2783 diquoque
1390 2729 1442 2763 me·

397 2792 595 2859 vulneraverat,
613 2793 732 2862 mandit,
752 2811 782 2848 ut
797 2795 897 2848 videbi·
942 2811 1009 2862 prot
1028 2793 1176 2858 Quesivere
1199 2792 1290 2844 Deos:
1312 2789 1442 2841 dubitarit

397 2890 454 2924 mus
474 2871 523 2924 sub
544 2873 623 2925 linem
644 2871 755 2943 bujnsee
773 2873 841 2926 libri.
863 2903 898 2914 -
942 2873 1065 2944 luppiter
1080 2875 1153 2944 ipse,
1170 2869 1251 2940 Quod
1264 2883 1373 2942 poterat
1387 2885 1441 2920 uon

290 3003 292 3008 .
400 2949 502 3022 Quique
513 2951 573 3023 ique
581 2953 801 3024 mpremodreeat
812 2954 899 3005 exani·
942 2971 1022 3024 posse
1038 2954 1148 3012 timens;
1166 2969 1249 3022 quum
1267 2967 1374 3020 surgere
1390 2964 1443 3001 ter·

398 3049 458 3082 mes.
477 3029 603 3099 intelligit
620 3032 777 3096 Creontem,
792 3035 853 3103 qui,
869 3046 899 3084 ut
944 3049 1000 3084 ram
1024 3031 1165 3098 Comeret,
1189 3043 1214 3082 et
1236 3031 1304 3080 verti
1321 3042 1443 3082 naturam

399 3111 492 3179 sepius
504 3109 633 3177 diximus,
647 3125 781 3178 vetuerat,
796 3131 831 3164 ne
846 3116 898 3164 Ar·
944 3111 1062 3164 erederet
1075 3129 1197 3176 omnem,
1210 3109 1349 3164 Montibus
1364 3123 1443 3183 utque

401 3189 452 3256 ff'l
465 3189 491 3238 in
506 3190 562 3240 aoie
576 3191 658 3240 occisi
671 3190 811 3262 sepulture
825 3207 898 3242 man·
945 3191 1001 3243 aliis
1015 3203 1135 3262 aggestot
1148 3207 1267 3242 oretcere
1279 3203 1396 3255 montes,
1412 3191 1445 3240 Et

400 3265 535 3318 darentur.
547 3265 614 3318 Vide
625 3267 709 3318 Theb.
723 3269 766 3318 Xl.
942 3271 1234 3342 jamrioinerfugientia
1242 3266 1440 3321 sidet-amotos.-

436 3343 477 3412 74,
491 3343 676 3401 Commaettlet.
685 3347 721 3396 Ut
728 3343 789 3396 tabe
797 3343 900 3398 solvan·
982 3367 1024 3419 79.
1043 3349 1183 3400 Frondentt'
1193 3351 1389 3421 qnamjunqere
1398 3347 1446 3396 Pe·

401 3435 577 3494 turcorpors‚
586 3441 639 3474 non
649 3422 898 3496 flammapyraromt
947 3427 1002 3482 lion
1015 3429 1088 3480 Ostoe.
1101 3429 1227 3480 Memorat
1236 3426 1334 3478 bellum
1347 3425 1445 3494 Gigan-

401 3517 449 3549 noc
469 3501 633 3570 interpositis
652 3513 762 3550 urantur
778 3501 899 3572 ignibus,
945 3519 1010 3558 tum.
1024 3507 1147 3578 Gigantes
1160 3509 1244 3572 enim,
1256 3523 1337 3575 quum
1348 3501 1445 3554 vellent

401 3577 448 3629 sed
462 3579 489 3628 in
506 3575 564 3629 solo
576 3591 650 3630 terrre
666 3581 821 3650 intemperie
835 3584 900 3636 aeris
947 3585 1108 3638 adscendere
1120 3587 1148 3638 in
1160 3586 1265 3650 celum,
1280 3581 1378 3636 bellum
1388 3583 1445 3634 Diis

402 3656 520 3707 membra
528 3657 680 3728 depereant.
688 3659 730 3710 Fit
739 3662 849 3712 mortuis
860 3658 903 3712 tle·
946 3663 1056 3727 illaturi,
1076 3663 1179 3728 Pelion,
1197 3677 1315 3716 montem
1334 3661 1447 3714 Thesto-

402 3747 496 3802 negata
509 3735 646 3805 sepultura
663 3737 831 3809 supplicium.
851 3743 901 3792 Lt-
947 3740 1220 3814 liae‚0sste‚ejusdem
1227 3739 1367 3793 Thessalia
1375 3756 1445 3790 mon·

401 3828 490 3864 orror.
501 3843 537 3854 --
545 3815 624 3867 luvet
635 3817 777 3889 interferam
788 3829 902 3891 spectare
947 3823 981 3888 ti,
995 3824 1185 3892 imposuerunt.
1201 3824 1287 3872 Tanto
1300 3832 1388 3872 antem
1400 3835 1446 3890 pe·

403 3893 558 3944 Tonantem.
570 3896 641 3948 Dicit
653 3899 729 3949 Pluto
740 3917 767 3951 te
780 3899 901 3971 volupta·
946 3917 1011 3951 vore
1027 3898 1141 3970 perculsi
1159 3911 1219 3950 sunt
1233 3899 1277 3950 Dii
1289 3900 1315 3949 in
1330 3896 1382 3949 lroc
1397 3899 1445 3950 Gi·

402 3987 455 4024 tem
463 3987 611 4044 capturum,
621 3979 642 4028 si
650 3979 773 4050 luppiter
782 3982 860 4032 etiam
868 3983 903 4032 vi·
947 3992 1056 4050 gentum
1063 3978 1283 4044 bello‚utomnes
1291 3997 1318 4032 te
1326 3979 1353 4029 iu
1363 3979 1447 4030 varies

402 4051 476 4104 deret
485 4051 653 4127 aliqua‚qute
662 4057 713 4128 ipsi
723 4057 901 4129 displicerent.
947 4058 1099 4110 animalium
1126 4059 1223 4130 ligures
1253 4071 1445 4111 converterent.

438 4130 480 4200 75.
499 4131 623 4184 lacessat.
642 4137 672 4186 ln
695 4135 788 4188 eodem
808 4137 900 4190 Bebot.
947 4139 1089 4192 Notissima
1103 4139 1202 4191 fabule.

401 4207 511 4272 codice,
528 4209 636 4266 lacesset.
983 4219 1027 4272 80.
1045 4215 1207 4270 Jamdudnm
1228 4219 1296 4290 rept'a
1315 4219 1445 4270 Attremt't.

439 4287 481 4359 76.
504 4287 554 4358 Qui
568 4289 635 4342 della
650 4293 730 4362 ferat.
748 4295 902 4366 Capaneum
949 4299 982 4347 llt
996 4296 1067 4348 Jorit
1080 4299 1193 4351 sermoni
1206 4297 1298 4350 celum
1310 4311 1447 4350 attremore
