3194 5156
590 486 739 551 monn
762 487 811 552 u.
1165 489 1231 580 595

226 613 361 682 Ultores
378 640 385 680 :
398 614 475 708 quis
487 613 577 680 enim
590 611 734 705 genialia
746 612 873 686 foedera
885 618 999 708 rumpi

224 729 328 818 Capta
339 721 614 818 dolis‚facilique
629 724 716 792 trahi
727 725 897 794 connubia
908 743 1025 820 raptu,
1178 741 1231 796 355

223 839 293 902 Ceu
304 858 424 927 pecus,
438 849 689 918 armentumve,
701 851 761 903 ant
772 835 855 904 viles
867 839 988 906 messis
999 860 1138 908 acervos

224 947 391 1014 Perferat?
405 945 480 1012 haee
491 963 526 1014 et
539 969 610 1012 non
621 945 726 1014 fortes
735 945 868 1041 jactura
881 965 1043 1016 moveret.

223 1065 297 1128 Non
310 1058 386 1128 tulit
398 1059 536 1128 insidias
548 1061 673 1128 Divum
686 1062 888 1154 imperiosus
900 1068 1050 1155 Agenor,

222 1174 442 1267 Mugitusque
454 1194 584 1252 sacroS,
598 1187 633 1238 et
643 1195 769 1264 magno
780 1174 921 1241 nurnine
931 1189 1062 1242 vectam

222 1286 362 1370 Quaesiit
373 1288 549 1376 Europen,
561 1301 832 1380 aspernatusque
846 1290 1037 1356 Tonantem
1050 1301 1101 1354 est
1181 1299 1234 1354 360

222 1401 269 1464 Ut
280 1419 445 1488 generum
459 1422 466 1465 :
479 1411 614 1488 raptam
626 1412 660 1464 et
675 1397 832 1490 Scythico
844 1396 888 1464 de
899 1395 997 1466 litore
1007 1397 1141 1490 prolem

174 1635 255 1688 exitio
269 1636 350 1708 Lang.
362 1637 440 1688 Laur.
452 1635 550 1688 nostin.
564 1636 682 1708 Lipsian.
727 1639 800 1692 noris
820 1637 899 1692 filium
918 1641 945 1692 in
960 1651 1066 1692 taurum
1080 1657 1174 1692 vernus
1185 1639 1235 1710 ad-

176 1731 201 1768 et
211 1717 270 1770 edd.
286 1731 348 1770 vett.
363 1719 388 1769 in
402 1718 488 1770 exitiis
501 1719 609 1790 quisque
619 1717 681 1770 Exc.
728 1730 883 1789 sportnsset,
891 1717 1007 1775 Cadmus
1019 1737 1034 1770 a
1047 1733 1140 1792 patre,
1151 1733 1180 1770 ut
1189 1737 1236 1772 sn-

175 1798 303 1867 Burg.-
317 1797 430 1869 Quisque
445 1797 499 1849 sibi.
517 1797 585 1847 Nam
599 1815 683 1850 unus·
727 1815 777 1866 pra
801 1796 901 1850 dictum
921 1811 977 1864 eet,
995 1816 1026 1849 ex
1044 1795 1176 1850 Phoenicia
1200 1799 1235 1850 ad

176 1879 286 1950 quisque
297 1897 345 1930 sua
355 1880 482 1930 interesse
493 1877 682 1946 arbitrabatur,
727 1875 936 1948 investigandam
956 1877 1093 1948 Europam
1114 1881 1234 1930 sororem

174 1956 266 2010 ulcisci
280 1971 383 2009 tantum
402 1958 498 2010 scelus.
514 1987 551 1997 —
570 1959 681 2011 Coimus.
727 1958 822 2008 missus
831 1970 879 2024 eet,
890 1975 922 2008 ea
933 1956 1096 2020 conditione,
1105 1968 1134 2006 ut
1142 1969 1188 2008 aut
1196 1975 1236 2010 se·

174 2039 373 2109 congregamur
383 2050 410 2090 et
421 2039 616 2108 conjungimur.
728 2055 788 2090 cum
796 2040 923 2109 virginem
931 2037 1051 2104 duceret,
1063 2038 1144 2090 autin
1154 2037 1234 2091 Phoe·

210 2117 271 2184 354.
286 2115 402 2170 Ultores.-
415 2117 471 2188 quis
482 2116 553 2167 entim
563 2115 682 2188 genialia
727 2119 824 2170 niciam
831 2137 886 2168 non
895 2116 1007 2179 rediret;
1021 2117 1235 2190 quiqunmpuel'·

167 2195 272 2266 foedera
289 2198 383 2269 inrupi.
400 2196 469 2248 Dan.
486 2198 544 2247 Put.
567 2195 682 2248 Linden-
727 2202 780 2254 lam
792 2218 847 2250 non
860 2199 1005 2264 inveniret,
1020 2198 1047 2250 in
1059 2197 1162 2249 Boeotia
1173 2197 1235 2251 tedi-

173 2275 248 2346 brog.
267 2290 294 2328 et
311 2275 390 2328 Crnc.
410 2277 468 2347 quis
482 2275 552 2326 enim
573 2275 682 2330 inlicitis
725 2275 811 2328 ficatio
821 2274 921 2329 Thebis
934 2275 1047 2328 desedit.
1060 2275 1184 2328 Burrnnn.

170 2354 287 2429 genialia
298 2355 385 2427 rumpi
392 2357 476 2406 Puera
488 2354 564 2407 dolis.
572 2355 679 2425 -Reg.
759 2353 823 2424 359.
833 2357 919 2426 Μιμ.
932 2373 954 2407 e.
963 2357 1232 2410 monumentorum.

172 2435 372 2490 Bhnltethanc
389 2435 449 2488 leot.
465 2437 512 2486 En.
530 2464 564 2474 -
583 2436 681 2489 Genia-
724 2436 786 2488 Exn.
799 2438 877 2508 Burg.
889 2455 996 2490 munere
1006 2441 1234 2490 vectam-Mu-
1301 2469 1304 2478 ι

173 2517 219 2570 tia.
239 2522 261 2571 Α
280 2517 382 2591 geniali
404 2516 486 2584 lecto,
508 2518 554 2588 qui
576 2517 678 2588 nuptiis
721 2516 841 2588 ginuque
860 2533 950 2568 saeros.
979 2515 1052 2568 Jovie
1074 2515 1102 2567 in
1125 2529 1232 2569 taurum

172 2598 340 2652 sternebatur
354 2599 382 2650 in
393 2595 526 2650 honorem
537 2597 623 2649 Genii.
634 2598 679 2649 Vi·
724 2597 854 2650 conversi.

171 2679 205 2731 de
217 2681 332 2732 Festum.
759 2673 821 2727 361.
849 2675 885 2726 Ut
905 2689 1032 2747 generum
1052 2694 1060 2724 ε
1083 2685 1186 2746 raptum
1206 2688 1233 2730 et

206 2759 269 2813 355.
283 2760 428 2812 Connubia.
441 2759 551 2811 Uxores.
721 2755 843 2825 Scythico
861 2755 893 2806 de
907 2753 983 2804 litore
996 2751 1107 2826 prolem.
1132 2753 1230 2830 Viqne-

206 2839 268 2894 356.
295 2842 347 2893 Ceu
363 2858 459 2910 pecus,
479 2849 676 2904 armentumve,
722 2851 803 2884 reum.
816 2835 925 2904 Captum
940 2830 981 2882 ed.
997 2832 1133 2884 Bernartii.
1151 2833 1178 2887 V
1177 2833 1231 2909 ige-

170 2931 220 2972 uut
236 2919 300 2973 viler
316 2919 401 2972 mestis
417 2935 528 2970 aceruos.
547 2915 677 2968 Nonnulli
722 2930 813 2964 nerum
829 2913 898 2981 conj.
913 2908 1001 2965 Barth.
1018 2911 1129 2983 Captum
1145 2913 1229 2984 Laog.

170 2999 250 3052 codd.
268 3015 294 3052 et
308 2999 370 3052 edd.
388 3011 451 3052 vett.
469 3008 675 3068 artnentumque.
721 2989 822 3042 Bustid.
833 3002 858 3042 et
869 2989 930 3043 edd.
944 3002 1009 3042 vett.
1018 3019 1055 3029 —
1065 2990 1188 3061 Scythico
1197 2993 1231 3046 de

171 3109 205 3122 -
215 3083 279 3150 Reg.
293 3082 312 3131 B
323 3077 439 3151 praebet,
454 3090 503 3130 aut
518 3076 577 3130 vilis
592 3078 678 3130 messis
722 3072 807 3126 litore.
824 3072 892 3124 Nato
905 3069 1013 3124 Colchis
1027 3069 1132 3144 adjacet
1144 3074 1231 3127 Ponto

170 3180 280 3214 anemos.
296 3162 341 3212 En.
720 3151 842 3216 Euxino,
855 3150 901 3224 qui
917 3164 943 3202 et
958 3147 1094 3222 Scythium
1110 3149 1230 3224 appella-

205 3235 678 3313 357.Perserutihaeeetnonfortes
721 3245 764 3284 tua
791 3246 839 3284 est.
858 3261 894 3270 -
911 3231 948 3284 Et
969 3229 1092 3302 Scythico
1115 3243 1227 3304 raptum.
1260 3261 1263 3266 ·

161 3323 268 3394 jecnam
278 3327 400 3370 moueret.
407 3349 442 3358 -
449 3319 514 3387 Reg.
527 3313 677 3379 Bexhihet,
721 3311 784 3362 Non
792 3328 882 3383 aequo,
891 3310 991 3382 inquit,
1001 3309 1089 3361 animo
1099 3311 1176 3362 AEeta
1186 3324 1228 3366 tu-

170 3399 225 3452 naee
242 3399 321 3450 etiam
334 3398 419 3470 fortes
428 3399 536 3470 jactura
553 3406 675 3446 moveret,
721 3389 751 3444 tit
762 3390 887 3444 Medeam
897 3407 971 3442 suam
981 3387 1080 3441 abduci
1092 3388 1126 3440 ab
1139 3393 1228 3464 Argo-

168 3481 215 3534 En.
233 3507 268 3519 -
282 3479 346 3532 Hoee
362 3487 388 3528 et
408 3496 461 3529 uou
475 3475 560 3546 fortes
568 3476 676 3546 jactura
721 3471 828 3535 nanno,
847 3468 894 3520 sed
919 3486 965 3520 eos
988 3470 1078 3520 stetim
1100 3471 1179 3522 armis
1200 3485 1228 3525 et

168 3556 470 3626 moueret.Quasidicat,
481 3557 556 3608 fortis
566 3555 673 3626 quidem
718 3550 803 3604 elnone
822 3551 966 3602 insectatus
984 3561 1041 3600 est:
1057 3566 1140 3620 quum
1154 3549 1228 3602 enirn

84 3628 89 3636 ’
168 3637 211 3690 ille
223 3656 278 3690 non
294 3650 333 3690 eat
344 3633 505 3698 censendus,
518 3633 565 3704 qui
578 3632 674 3684 taliin·
718 3632 800 3682 Jason
815 3626 959 3680 Thessalus
971 3627 1154 3680 AEsonufitius
1164 3631 1227 3682 navi

164 3719 236 3788 juria
252 3737 305 3770 non
319 3729 467 3768 moveatur.
479 3715 601 3765 Bnrrunn.
718 3709 799 3780 longa
822 3721 956 3762 exstructa
982 3725 1042 3760 eum
1070 3721 1186 3780 quatuor
1200 3723 1228 3763 et

204 3797 266 3850 358.
278 3799 341 3852 Non
354 3794 475 3848 ottenb
487 3791 614 3862 exemplis
626 3810 675 3843 no-
720 3789 913 3860 quinquaginta
921 3787 1001 3840 sociis
1008 3785 1042 3838 nd
1048 3785 1163 3840 Colchos
1169 3808 1228 3860 pen·

124 3905 132 3914 -
167 3875 262 3929 biliurn
273 3895 365 3948 regum
379 3872 473 3928 suadet
482 3870 602 3924 Paridem
614 3889 675 3941 per·
719 3870 849 3934 venisset,
866 3865 982 3938 indeque
996 3864 1081 3918 vellus
1099 3884 1226 3933 aureum,

168 3955 333 4029 sequendum
348 3974 421 4018 esse,
433 3972 516 4025 quum
528 3965 553 4004 et
568 3953 675 4021 Agenor
720 3946 792 4019 qnod
810 3944 949 4016 intemplo
966 3945 1057 3996 Martis
1071 3944 1227 3997 asservaba-

168 4038 249 4088 etiarn
259 4037 354 4087 Jovem
365 4034 483 4086 omnium
498 4033 632 4096 Deorum,
648 4041 675 4081 et
720 4039 776 4092 tur,
794 4024 945 4078 abstulisset
959 4021 1091 4075 beneficio
1111 4022 1226 4090 Medeae,

168 4116 307 4170 hominum
315 4127 454 4179 rectorem,
462 4123 619 4182 persecutus
627 4110 674 4170 sit;
721 4125 778 4177 qnae
798 4102 927 4176 ternplum
945 4103 1064 4174 ingressa
1082 4100 1227 4155 draconem

167 4213 231 4254 nam
239 4213 320 4267 quum
327 4191 592 4266 iuppiterEuropam
603 4189 671 4258 Age·
720 4183 797 4258 pellis
809 4181 935 4238 custodiae
953 4180 1142 4250 incubantem,
1155 4200 1227 4236 aen»

1031 4271 1085 4338 38.
