3256 5160
402 555 468 620 502
611 553 646 615 P.
672 553 708 614 P.
733 548 891 615 STATll
915 546 1244 614 AClllLLElDOS
1322 595 1327 620 .

445 685 627 774 Donaque:
641 673 701 744 sed
712 673 854 767 longum
867 691 989 742 cuncta
1002 697 1219 756 enumerare,
1230 691 1409 770 retorque;

444 786 557 857 'l'rade
566 789 764 880 magisnSie
774 786 841 852 fata
851 809 991 876 parens:
1003 809 1116 879 neque
1124 787 1217 852 enim
1225 783 1281 852 ille
1290 782 1452 866 dedisset,

444 903 476 968 Si
489 897 609 967 molles
621 897 757 966 habitus
769 913 803 964 et
815 899 964 987 tegmina
978 895 1068 962 foeda
1081 895 1178 964 fateri

446 1019 535 1079 Ausa
550 1013 640 1078 seni:
654 1029 735 1078 tunc
748 1006 804 1076 ille
817 1009 932 1076 refert:
949 1012 1062 1090 ·Duc‚
1075 1011 1219 1101 optima,
1231 1031 1364 1103 quaeso,

445 1129 517 1190 Due
530 1125 690 1212 genitrix,
702 1119 891 1214 humilique
902 1125 990 1188 Deos
1004 1119 1149 1211 infringe
1160 1137 1312 1214 precatu.

446 1240 530 1301 llam
544 1251 706 1326 superant
718 1251 776 1299 tua
788 1251 865 1299 vota
877 1231 1034 1314 modum,
1047 1230 1280 1328 placandaque
1292 1230 1439 1299 multum

446 1344 575 1413 lnvidia
587 1363 652 1411 est:
666 1368 736 1411 non
747 1342 837 1411 addo
849 1360 994 1424 metum,
1006 1341 1065 1412 sed
1079 1368 1158 1411 vera
1170 1341 1315 1410 fatebor:
1400 1355 1450 1424 ¹⁴⁶

446 1460 565 1526 Nescio
577 1455 658 1552 quid
670 1479 834 1548 magnum
845 1461 857 1541 (
864 1479 926 1523 nec
935 1478 990 1522 me
1001 1458 1111 1548 patria
1122 1457 1237 1523 omina
1249 1453 1386 1542 fallunt)

445 1570 502 1634 Vis
515 1566 638 1635 festina
648 1583 765 1661 parnt,
777 1583 981 1659 tenerosque
993 1567 1190 1658 supervenit
1200 1589 1320 1633 annos.

443 1676 533 1748 Olim
545 1680 633 1746 ferre
644 1679 753 1746 minas
766 1694 801 1742 et
811 1674 905 1744 obire
916 1673 1030 1742 audita
1043 1675 1173 1744 solebat

444 1793 607 1882 lmperia‚
619 1806 654 1857 et
664 1791 788 1856 nostris
800 1785 919 1880 procul
930 1785 1023 1854 haud
1034 1785 1209 1854 discedere
1220 1786 1263 1854 ab
1274 1791 1392 1855 antris.

444 1904 542 1967 Nune
553 1898 651 1966 illum
662 1922 732 1966 nou
742 1899 829 1965 Ossa
839 1897 945 1990 capit,
958 1919 1027 1962 non
1040 1896 1156 1966 Pelion
1168 1899 1303 1990 iugens,
1400 1911 1446 1963 151

436 2119 494 2186 tlo-
520 2120 657 2190 Vetorque.
680 2121 704 2170 Δ
724 2121 829 2171 Proteo.
851 2117 900 2172 Vel
945 2121 1175 2190 consanguinitate
1195 2120 1287 2192 ligavit
1302 2119 1450 2172 Fortunam

396 2199 459 2270 qnia
475 2201 561 2268 magna
573 2213 706 2252 secretum
717 2198 781 2250 vult.
944 2197 1126 2272 Invidiamque
1138 2201 1227 2253 Deus?
1241 2203 1300 2273 quis
1308 2201 1388 2270 jussit
1400 2201 1451 2250 ini-

437 2279 494 2344 141.
511 2279 597 2329 Trade
606 2279 697 2351 meqis.
709 2300 721 2324 ι
733 2279 777 2330 Sic
782 2278 845 2348 sata
853 2295 902 2347 pe·
946 2297 1013 2350 quas
1026 2281 1161 2332 AEteruum
1177 2279 1277 2332 bellare
1292 2279 1378 2332 Deae?
1389 2277 1452 2330 nul·

398 2375 462 2409 rent.
477 2357 541 2426 lieg.
561 2357 688 2424 stabat,
709 2359 753 2410 Sic
769 2356 832 2427 fiete
851 2377 902 2430 pe-
946 2358 1034 2410 larnne
1052 2361 1152 2411 notavit
1170 2359 1215 2411 llla
1230 2358 1353 2426 domum,
1372 2371 1450 2410 torvo

397 2453 468 2496 mm
481 2437 544 2506 deq,
563 2437 586 2488 C
600 2451 717 2488 nestram
733 2437 793 2488 lect.
807 2438 853 2487 En
866 2464 902 2476 -··
947 2455 1028 2510 quant
1040 2459 1095 2491 non
1107 2439 1162 2491 hee
1174 2437 1274 2490 lumine
1286 2437 1349 2509 ligat
1364 2437 1452 2489 Proti-

397 2513 901 2588 Maqis.Prosed.Virq.Eg.l‚1r:nNon
946 2535 1011 2582 nne,
1040 2531 1067 2569 et
1089 2535 1155 2570 aava
1184 2515 1325 2590 proturbet
1353 2513 1451 2588 gaudia

397 2595 522 2667 equidem
539 2595 660 2662 invideo,
676 2599 758 2648 miror
775 2598 867 2667 magia.
887 2619 900 2643 ι
946 2596 1078 2649 dextra?-

395 2672 471 2726 Alter
479 2675 779 2726 ellertnrallaturantio
789 2693 881 2726 sensus
893 2697 900 2726 τ
986 2677 1044 2746 147.
1057 2679 1113 2729 Nee
1127 2694 1168 2728 me
1179 2675 1267 2746 patrie
1283 2675 1373 2728 omine
1387 2672 1452 2744 sel-

397 2755 485 2820 trade,
495 2773 548 2809 non
561 2756 640 2820 milri,
655 2756 701 2808 sed
711 2758 794 2828 magis
804 2755 901 2827 quibus
947 2753 1013 2807 lunt.
1031 2758 1092 2820 llis,
1104 2757 1202 2827 inquit,
1218 2752 1375 2818 eontinet,
1393 2753 1453 2824 qui·

288 2881 292 2888 .
397 2854 446 2906 per
467 2837 559 2906 ignota
576 2855 651 2888 sacra
667 2838 800 2906 expietur,
819 2851 845 2887 et
860 2839 901 2886 iu·
946 2833 996 2886 but
1009 2849 1132 2906 parentes
1143 2833 1301 2905 plerumque
1312 2831 1452 2896 falluntur,

397 2913 526 2966 violabilis
544 2915 754 2988 immortalisque
766 2913 900 2966 reddatur.
947 2917 992 2986 qui
1007 2914 1090 2966 multa
1104 2914 1138 2966 de
1152 2915 1210 2965 liliis
1227 2915 1350 2984 augurari
1370 2924 1453 2984 atque

437 2995 493 3060 143.
503 2996 572 3046 Ausa
581 2995 655 3045 reni:
671 2993 748 3046 Tunc
757 2990 803 3045 ille
813 2993 901 3064 resert.
946 2997 1059 3048 ominari
1071 2995 1166 3047 solent.

397 3073 467 3124 Ama
476 3075 558 3144 soret,
570 3077 639 3127 Dan.
654 3075 740 3126 Petav.
756 3073 841 3124 Colin.
856 3075 902 3124 Ba·
985 3076 1042 3143 148.
1059 3076 1090 3128 V.
1098 3075 1125 3148 f.
1133 3095 1161 3148 p.
1173 3084 1453 3144 tenemsquesuperue·

398 3153 437 3204 sil.
451 3167 477 3204 et
488 3153 573 3204 Plant.
587 3153 724 3222 -tteqlt
739 3151 833 3216 habet,
849 3155 902 3204 Au·
948 3158 987 3208 uit
1000 3176 1092 3210 aanor.
1112 3157 1193 3226 Πρω.
1210 3155 1230 3204 ll
1248 3169 1274 3206 et
1292 3155 1314 3204 C
1334 3152 1451 3212 habent,

397 3249 424 3284 ta
438 3235 494 3286 seni
510 3255 518 3284 ,·
540 3244 602 3286 tunc
615 3235 669 3306 ipre
683 3234 775 3304 refert,·
789 3235 853 3302 neg.
867 3235 899 3298 C,
947 3246 1085 3308 tenuesque
1097 3235 1243 3306 supervenit
1254 3249 1390 3284 ennon-
1404 3230 1431 3283 V
1429 3231 1454 3282 is

396 3313 468 3366 Auia
475 3314 568 3384 foret:
580 3324 643 3365 tunc
655 3311 701 3364 ille
713 3314 800 3384 refert.
818 3315 864 3364 En.
940 3315 1049 3388 festina.
1059 3317 1173 3367 Veniens
1182 3327 1242 3364 ante
1250 3331 1327 3363 suum
1335 3323 1450 3382 ternpus.

435 3395 493 3461 145.
508 3396 578 3446 Nem
590 3408 711 3466 nepetam
724 3407 767 3446 tua
779 3408 838 3447 vete
849 3413 902 3447 mo·
986 3396 1045 3464 149,
1061 3395 1132 3448 Olim
1146 3396 1220 3466 ferre
1232 3394 1318 3446 minae
1335 3403 1361 3444 et
1379 3393 1453 3442 obire

395 3473 473 3541 dum,
490 3473 675 3547 placandaque
695 3474 818 3526 multum.
838 3475 902 3526 Non
946 3477 1038 3529 audite
1053 3475 1157 3528 solebat.
1170 3477 1232 3527 Exc.
1249 3475 1326 3544 Burq.
1343 3485 1369 3524 et
1381 3471 1453 3523 obire

393 3564 518 3625 superent
534 3553 610 3606 multi
628 3552 707 3604 codd.
723 3567 747 3604 et
763 3552 823 3604 edd.
838 3567 900 3606 vett.
946 3557 1072 3608 mandata
1079 3556 1184 3608 solebat.
1194 3555 1298 3623 -lleq
1309 3551 1452 3618 Bexhibet‚

394 3635 456 3684 hm
475 3645 597 3704 ruperant
615 3633 670 3684 duo
686 3633 764 3686 codd.
787 3631 900 3698 Bartlrii5
948 3636 1019 3688 Olim
1032 3637 1128 3708 efferre
1143 3637 1241 3700 minor,
1260 3633 1385 3706 avideque
1398 3651 1452 3683 eu-

394 3714 467 3787 quod
486 3714 529 3766 ille
549 3715 657 3787 proban
680 3715 755 3767 Nam
776 3727 902 3786 superent
945 3717 1000 3768 dire
1014 3717 1126 3778 solebam
1139 3714 1367 3786 Req.(lnostram
1386 3712 1452 3764 lect.

393 3793 460 3846 Dan.
488 3798 575 3846 Petav.
605 3797 684 3846 Laur.
712 3794 810 3846 Buslid.
836 3799 897 3848 Ere.
945 3793 1388 3865 En.-Olim.dprineipio‚qnnm
1402 3791 1454 3840 rni-

392 3875 469 3946 llurq.
486 3891 512 3928 et
527 3877 643 3927 Petrens.
654 3874 837 3948 placandaque
851 3877 899 3926 Di·
944 3873 971 3924 hi
983 3874 1139 3926 educandus
1151 3871 1261 3925 traditus
1274 3883 1320 3922 est.
1329 3899 1364 3911 -
1374 3869 1454 3921 Fene

392 3973 453 4006 vum
471 3957 531 4007 Exe.
552 3957 628 4026 Bur-5.
645 3969 670 4007 et
690 3959 776 4006 Petar.
789 3985 825 3997 —-
841 3956 898 4007 Tua
943 3957 1037 4007 minae.
1049 3955 1235 4026 AEquoanimo
1247 3951 1312 4022 pati.
1324 3949 1454 4000 —Ohire

392 4047 458 4090 rete.
475 4037 592 4090 Achilles
609 4052 679 4088 tuus.
696 4065 732 4076 —-
748 4037 898 4088 Plecnnda-
941 4035 1031 4086 audite
1044 4034 1162 4105 imperia.
1178 4027 1314 4103 Quidquid
1331 4041 1386 4082 erat
1398 4031 1454 4080 im·

389 4134 440 4188 que
456 4114 569 4168 multum
591 4116 705 4168 Inuidia.
725 4116 793 4168 Vide
809 4115 894 4170 Theb.
940 4129 1061 4185 peratum
1076 4115 1102 4167 id
1116 4115 1232 4186 exsequi.
1242 4115 1398 4164 Mereatur.

389 4195 438 4260 Vl,
448 4195 495 4265 691
510 4233 517 4256 ,
533 4211 558 4247 et
569 4196 630 4248 silv.
645 4199 677 4260 V,
693 4213 715 4264 r,
726 4196 785 4266 137,
795 4198 895 4250 Pietate
979 4195 1036 4250 151.
1055 4197 1126 4248 Ossa.
1141 4197 1203 4247 Nou
1216 4193 1315 4247 suflicit
1330 4191 1369 4245 illi
1380 4193 1453 4246 Ossa

389 4272 541 4326 Abascantii
558 4297 564 4326 ι
581 4299 592 4322 ι
609 4275 739 4342 Quisnam
760 4276 892 4347 impacata
939 4277 985 4348 qni
1005 4289 1044 4328 ett
1064 4272 1208 4328 Thessalia
1227 4289 1305 4324 mont
1326 4269 1455 4342 objectus
