3230 5168
391 617 452 684 106
622 620 655 680 P.
682 619 717 679 P.
744 617 898 681 STATll
924 614 1197 681 THEBAlDOS

430 749 472 810 At
483 741 583 824 mihi,
598 744 656 836 qui
668 741 840 836 quondam
853 764 987 822 causes,
1005 739 1238 834 elementaque
1250 763 1384 826 noram,

430 859 473 922 Et
485 861 590 922 sator!
606 875 681 935 oro,
695 855 818 934 mines,
833 850 1071 947 stimulataque
1082 850 1184 920 eorda
1195 852 1358 934 remulce,

430 971 519 1035 Neve
531 968 580 1033 ira
593 966 730 1058 dignare
742 966 931 1045 hominem,
944 980 977 1032 et
989 981 1047 1032 tua
1056 961 1134 1056 jura
1146 965 1329 1032 timentem.
1392 977 1428 1047 94

430 1081 514 1142 Nam
522 1075 634 1144 necad
642 1073 1424 1168 Herculeos(undehaeemihipeetorar)raptus,

430 1191 675 1256 NecVenerem
688 1187 854 1270 illicitam,
867 1186 1029 1256 credebis
1043 1185 1247 1278 insignibus,
1261 1189 1333 1254 ausi

429 1303 598 1366 Intremus
610 1299 738 1368 Lethen
751 1326 758 1367 :
772 1301 876 1392 hrgiat
888 1322 951 1366 nec
963 1300 1067 1366 tristis
1079 1301 1115 1366 in
1128 1314 1264 1366 entium

428 1408 608 1492 Cerberus,
621 1428 680 1478 aut
692 1428 824 1480 nostros
836 1413 952 1478 timeat
963 1411 1163 1502 Proserpina
1176 1431 1307 1476 currus.

387 1525 544 1610 ,Augur
555 1519 738 1611 Apollineis
751 1520 852 1590 modo
864 1520 1101 1589 dilectissimus
1113 1521 1193 1598 aris,
1321 1577 1325 1586 .
1391 1549 1424 1600 99

428 1631 548 1695 Testor
560 1632 661 1697 inane
671 1630 795 1714 Chaos,
809 1631 902 1727 (quid
913 1635 1004 1699 enim
1016 1629 1071 1698 hio
1079 1624 1246 1721 jurandus
1259 1627 1412 1721 apollot)

427 1743 574 1809 Crimine
585 1765 655 1810 non
667 1741 736 1812 ullo
748 1743 854 1812 subeo
866 1745 1033 1811 nove'fate
1045 1769 1052 1808 :
1065 1765 1129 1808 nec
1141 1741 1229 1808 almo

428 1852 480 1918 sic
491 1857 598 1920 merui
611 1853 653 1921 de
665 1853 739 1923 luce
750 1858 824 1948 rupi
836 1883 843 1921 :
856 1857 920 1922 ecit
927 1852 1050 1945 judicis
1062 1875 1148 1920 urna

382 2033 421 2071 est
435 2019 528 2074 domus
544 2024 635 2076 ultime
651 2028 783 2078 courtie-
805 2025 877 2078 Ordo
958 2023 1077 2094 95.Nam
1087 2019 1421 2090 necndHereuleormptut.

379 2117 443 2170 ergo
458 2099 515 2151 talis
534 2116 590 2154 eet:
608 2103 716 2155 Cunctis
734 2105 822 2156 finitor
836 2123 878 2156 re·
923 2105 1017 2174 Tangit
1038 2101 1111 2173 quod
1129 2119 1207 2174 supra
1228 2100 1329 2152 dixerat
1347 2098 1422 2150 Pluto

380 2195 454 2241 rum,
475 2179 574 2233 scilieet
592 2185 713 2253 puteris:
732 2183 797 2237 mihi
816 2203 877 2236 vero
923 2183 956 2234 de
967 2183 1081 2236 Cerbero
1092 2182 1126 2234 ab
1136 2180 1249 2233 Hercule
1260 2179 1376 2231 abducto
1384 2197 1421 2231 ve.

380 2261 458 2310 etiarn
480 2274 560 2314 sator.
582 2265 650 2316 Nam
673 2283 754 2336 quum
776 2277 880 2318 constet
924 2258 1422 2330 55.-Pectom.Aliieodieesproelie.

379 2338 484 2390 Plutoni
496 2353 592 2394 terram
610 2361 666 2396 esse
682 2357 879 2412 consecratam,
924 2345 998 2394 lianc
1007 2343 1146 2393 lectionem
1154 2337 1348 2410 neguhabet,
1358 2337 1421 2408 lieg.

379 2417 442 2470 dicit
455 2421 543 2470 omnia
557 2423 675 2474 membra
685 2423 794 2490 resolvi,
808 2438 833 2477 et
846 2423 879 2477 de
924 2423 1082 2474 Cnostrenr.
1102 2422 1148 2472 En.

379 2506 447 2547 terra
461 2509 557 2550 cuneta
570 2505 718 2571 procrearit
730 2505 801 2571 juste
815 2521 878 2574 ergo
958 2499 1001 2570 96.
1020 2501 1076 2551 Nec
1098 2499 1223 2552 Venerem
1243 2495 1371 2550 illicitam·
1387 2495 1422 2545 Ut

379 2587 483 2626 ereutor
492 2575 598 2643 dicitur,
612 2595 626 2629 e
640 2597 693 2650 quo
706 2583 827 2633 universa
837 2585 878 2651 gt·
923 2577 1053 2629 Pirithous
1065 2594 1144 2648 supra
1155 2593 1192 2628 vs·
1207 2573 1249 2641 54·

378 2665 503 2722 genetur.
523 2656 649 2708 Licrrrr.
957 2675 1000 2726 97.
1021 2657 1126 2707 Lethen.
1144 2653 1225 2708 Lethe
1241 2653 1335 2706 fluvius
1351 2654 1423 2705 lule·

414 2748 457 2799 9²·
471 2730 591 2786 Aemili.
600 2735 753 2787 Lactantius
763 2736 825 2806 legit
832 2737 878 2790 Aet
922 2753 1026 2801 rorum,
1036 2753 1085 2807 per
1095 2753 1172 2807 quern
1180 2735 1283 2786 inferos
1291 2731 1420 2805 designet.

378 2825 434 2878 eye.
449 2811 567 2863 Ver-ieter
583 2811 629 2863 illa
646 2825 798 2883 rutpertum
813 2813 876 2864 mihi
922 2818 1059 2889 -Fuqiat
1070 2834 1116 2867 nee
1126 2816 1201 2868 tristis
1211 2817 1238 2865 in
1250 2823 1355 2864 antmm
1366 2815 1421 2864 Cer-

378 2889 442 2940 feeit
454 2907 576 2955 vertum,
590 2894 635 2962 qui
648 2891 765 2964 alioquin
777 2894 876 2944 inutilis
923 2897 1002 2948 herus.
1016 2893 1083 2946 Vide
1095 2911 1184 2966 eupre.
1318 2883 1321 2890 .

377 2965 490 3032 videtur,
503 2969 549 3020 ted
561 2969 652 3036 ιἰιίχιι.
667 2971 797 3023 Gurerue·
956 2975 999 3044 98.
1008 2973 1259 3026 Autnostrottimeot
1268 2971 1422 3042 Proserpina

413 3045 457 3112 93.
475 3047 511 3099 Et
521 3059 598 3100 sator.
614 3049 773 3121 Supraiecit
786 3048 876 3100 Pluto·
921 3071 1018 3105 currus.
1034 3051 1135 3104 Alludit
1153 3049 1185 3102 ad
1199 3049 1362 3116 Pirithoum,
1377 3052 1422 3122 qui

377 3143 437 3176 nem
450 3128 552 3179 eunctis·
564 3126 711 3198 finitorem,
726 3148 796 3182 nune
807 3139 876 3182 seto-
921 3133 1105 3202 Proserpinam
1115 3147 1207 3203 rapere
1220 3145 1355 3198 eggreeeus
1364 3131 1421 3180 fue·

377 3221 439 3256 rem.
450 3205 517 3256 Nem
527 3225 576 3276 per
585 3206 724 3262 Plutonem
733 3221 830 3260 terram
840 3211 876 3259 in·
920 3222 969 3261 rat.
983 3209 1051 3260 Vide
1066 3227 1156 3281 eriprn.

377 3281 691 3351 telligebnntVeteree,in
701 3303 779 3356 quam
788 3289 876 3337 omnia
955 3305 998 3358 99.
1018 3289 1107 3340 Modo.
1122 3291 1179 3340 lloe
1197 3289 1255 3358 ipso
1274 3299 1418 3338 momento.

378 3361 555 3429 resolvuntur,
563 3376 588 3414 et
597 3383 627 3415 ex
635 3383 686 3437 qua
695 3379 874 3435 procreantur.
921 3369 1012 3436 Arguit
1025 3366 1166 3418 humanum
1181 3365 1364 3418 eedueitatem.

377 3443 460 3492 Varro
479 3441 512 3493 de
530 3444 630 3514 Linffna
648 3446 741 3496 Latine
760 3444 805 3497 lib.
826 3448 874 3498 IV:
958 3463 1015 3498 too.
1037 3447 1122 3498 Inone
1135 3447 1221 3498 Chaos.
1238 3447 1338 3496 lnleroe
1353 3443 1420 3496 deei-

380 3521 544 3592 «Diespiter,
551 3521 655 3576 infirnus
662 3541 708 3575 uer
716 3527 761 3595 qui
769 3536 808 3576 est
815 3543 875 3576 eon·
920 3541 991 3596 goat.
1005 3529 1087 3598 Supra
1101 3526 1146 3577 lib.
1161 3529 1205 3592 tv,
1218 3526 1282 3592 duo:
1299 3523 1419 3576 «Pandi-

374 3601 484 3668 J'unetue
495 3613 581 3668 terre,
591 3601 638 3652 ubi
648 3605 734 3654 omnia
745 3605 874 3669 oriuntur,
919 3617 962 3655 tur
973 3605 1087 3676 Elysium
1099 3603 1194 3654 Chaos.
1207 3627 1217 3650 ι
1230 3605 1263 3654 Et
1273 3601 1338 3654 ibid.
1349 3604 1417 3671 478:

378 3678 422 3730 ubi
435 3679 599 3748 aboriuntnr,
612 3699 722 3753 qnorum
735 3681 793 3733 finis
803 3700 875 3735 orcus
923 3686 1022 3736 -inene
1034 3699 1130 3735 serere
1143 3681 1354 3751 Persephonee.·

377 3757 471 3810 dictur.
483 3781 495 3805 ι
509 3761 640 3831 Diespiter
651 3762 722 3812 enim
736 3760 805 3814 idern
819 3775 875 3813 erut
958 3763 1099 3814 101.Novo
1102 3760 1172 3831 fate.
1181 3759 1259 3828 Quod
1268 3761 1418 3826 vivus,non

378 3855 409 3888 ne
421 3837 511 3905 Pluto,
524 3852 553 3890 nt
565 3857 656 3892 omnes
669 3841 763 3892 sciunt.
774 3841 822 3893 Vel
833 3861 873 3893 ru·
919 3853 1052 3906 mortuus,
1063 3857 1092 3893 ut
1100 3842 1184 3892 ceteri
1194 3839 1328 3900 homines,
1339 3842 1365 3890 in
1375 3842 1418 3891 ln-

377 3927 417 3968 tor
426 3915 460 3969 ob
471 3921 580 3983 Pereat,
593 3939 650 3991 que
661 3923 727 3972 ritas
736 3920 872 3972 hominurn
919 3921 990 3972 feros
1001 3933 1118 3973 venerat.

378 4009 450 4046 nent.
469 3997 597 4049 Ceteros.
957 4016 1013 4052 ιοι.
1033 4000 1132 4051 Iudicis
1142 4017 1208 4050 urna
1220 3997 1320 4048 Dictaei.
1333 3995 1417 4049 iudex

413 4075 457 4144 94.
475 4075 547 4127 Neve
560 4077 598 4129 im
610 4077 717 4150 dietate
728 4077 873 4144 hominem,
919 4079 1044 4144 Dicimus,
1057 4079 1157 4142 Minos,
1170 4079 1207 4128 eie
1217 4075 1302 4128 dietus
1315 4096 1330 4127 ιι
1342 4079 1417 4128 Dicte

377 4163 403 4202 et
421 4167 466 4205 tua
475 4158 540 4226 jum
556 4157 695 4209 timentem.
718 4159 778 4208 Non
798 4157 875 4208 decet
919 4171 1010 4209 monte
1018 4157 1116 4209 Crete:
1130 4158 1217 4209 Minoe
1229 4157 1298 4208 enim
1309 4156 1418 4208 Creten-

378 4234 447 4282 enim
454 4234 745 4300 Deumhominiirusei,
756 4249 781 4288 et
791 4236 874 4288 multo
920 4239 954 4288 eie
970 4251 1032 4288 eret.
1047 4266 1082 4278 -
1103 4236 1182 4289 Urna.
1198 4234 1265 4286 Vide
1280 4253 1337 4304 qnae
1350 4234 1416 4286 dixi·

378 4315 464 4368 minus
478 4317 531 4384 pio.
920 4335 976 4366 mus
993 4315 1025 4366 nd
1042 4315 1126 4368 Theb.
1144 4317 1187 4381 tv,
1206 4315 1270 4363 530:
1291 4311 1416 4364 uhrhiter
