<?xml version="1.0" encoding="UTF-8"?>
<!DOCTYPE html PUBLIC "-//W3C//DTD XHTML 1.0 Transitional//EN"
    "http://www.w3.org/TR/xhtml1/DTD/xhtml1-transitional.dtd">
<html xmlns="http://www.w3.org/1999/xhtml" xml:lang="en" lang="en">
 <head>
  <title>
</title>
<meta http-equiv="Content-Type" content="text/html;charset=utf-8" />
  <meta name='ocr-system' content='tesseract 3.04.00' />
  <meta name='ocr-capabilities' content='ocr_page ocr_carea ocr_par ocr_line ocrx_word'/>
</head>
<body>
  <div class='ocr_page' id='page_1' title='image "./libriquinquesil00statgoog_0435.png"; bbox 0 0 3256 5160; ppageno 0'>
   <div class='ocr_carea' id='block_1_1' title="bbox 346 545 1233 765">
    <p class='ocr_par' dir='ltr' id='par_1_1' title="bbox 346 545 1233 765">
     <span class='ocr_line' id='line_1_1' title="bbox 346 545 1163 629; baseline 0 -17"><span class='ocrx_word' id='word_1_1' title='bbox 346 547 411 629; x_wconf 67' lang='lat'><strong>428</strong></span> <span class='ocrx_word' id='word_1_2' title='bbox 585 545 619 609; x_wconf 86' lang='lat' dir='ltr'><strong>P.</strong></span> <span class='ocrx_word' id='word_1_3' title='bbox 646 545 681 609; x_wconf 85' lang='lat' dir='ltr'><strong>P.</strong></span> <span class='ocrx_word' id='word_1_4' title='bbox 707 545 862 610; x_wconf 78' lang='lat' dir='ltr'><strong>STA&#39;lll</strong></span> <span class='ocrx_word' id='word_1_5' title='bbox 886 545 1163 612; x_wconf 81' lang='lat' dir='ltr'><strong>THEBAlDOS</strong></span> 
     </span>
     <span class='ocr_line' id='line_1_2' title="bbox 393 667 1233 765; baseline 0 -27"><span class='ocrx_word' id='word_1_6' title='bbox 393 668 598 739; x_wconf 87' lang='lat' dir='ltr'><strong>Umbrarum</strong></span> <span class='ocrx_word' id='word_1_7' title='bbox 609 685 741 751; x_wconf 88' lang='lat' dir='ltr'><strong>custos,</strong></span> <span class='ocrx_word' id='word_1_8' title='bbox 753 667 997 765; x_wconf 84' lang='lat' dir='ltr'><strong>inhumataque</strong></span> <span class='ocrx_word' id='word_1_9' title='bbox 1009 693 1151 764; x_wconf 84' lang='lat' dir='ltr'><strong>corpora</strong></span> <span class='ocrx_word' id='word_1_10' title='bbox 1162 672 1233 762; x_wconf 76' lang='lat' dir='ltr'><strong>regi</strong></span> 
     </span>
    </p>
   </div>
   <div class='ocr_carea' id='block_1_2' title="bbox 392 778 1399 1647">
    <p class='ocr_par' dir='ltr' id='par_1_2' title="bbox 392 778 1364 988">
     <span class='ocr_line' id='line_1_3' title="bbox 392 778 1364 877; baseline -0.003 -29"><span class='ocrx_word' id='word_1_11' title='bbox 392 788 616 848; x_wconf 84' lang='lat' dir='ltr'><strong>Annumerat:</strong></span> <span class='ocrx_word' id='word_1_12' title='bbox 642 804 811 875; x_wconf 81' lang='lat' dir='ltr'><strong>nusquam</strong></span> <span class='ocrx_word' id='word_1_13' title='bbox 824 779 971 848; x_wconf 87' lang='lat' dir='ltr'><strong>lacrimae</strong></span> <span class='ocrx_word' id='word_1_14' title='bbox 982 834 991 863; x_wconf 86' lang='lat'><strong><em>‚</em></strong></span> <span class='ocrx_word' id='word_1_15' title='bbox 1002 778 1123 873; x_wconf 89' lang='lat' dir='ltr'><strong>procul</strong></span> <span class='ocrx_word' id='word_1_16' title='bbox 1137 805 1247 877; x_wconf 90' lang='lat' dir='ltr'><strong>usque</strong></span> <span class='ocrx_word' id='word_1_17' title='bbox 1260 779 1364 872; x_wconf 76' lang='lat' dir='ltr'><strong>fugati</strong></span> 
     </span>
     <span class='ocr_line' id='line_1_4' title="bbox 393 889 1220 988; baseline -0.001 -28"><span class='ocrx_word' id='word_1_18' title='bbox 393 901 557 962; x_wconf 77' lang='lat' dir='ltr'><strong>decessus</strong></span> <span class='ocrx_word' id='word_1_19' title='bbox 569 890 766 959; x_wconf 90' lang='lat' dir='ltr'><strong>bominum:</strong></span> <span class='ocrx_word' id='word_1_20' title='bbox 781 890 861 960; x_wconf 91' lang='lat' dir='ltr'><strong>solis</strong></span> <span class='ocrx_word' id='word_1_21' title='bbox 873 889 1059 988; x_wconf 88' lang='lat' dir='ltr'><strong>avibusque</strong></span> <span class='ocrx_word' id='word_1_22' title='bbox 1071 891 1220 987; x_wconf 80' lang='lat' dir='ltr'><strong>ferisque</strong></span> 
     </span>
    </p>

    <p class='ocr_par' dir='ltr' id='par_1_3' title="bbox 394 1000 1399 1321">
     <span class='ocr_line' id='line_1_5' title="bbox 394 1000 1268 1096; baseline 0 -25"><span class='ocrx_word' id='word_1_23' title='bbox 394 1007 448 1071; x_wconf 89' lang='lat' dir='ltr'><strong>Ire</strong></span> <span class='ocrx_word' id='word_1_24' title='bbox 461 1002 555 1070; x_wconf 89' lang='lat' dir='ltr'><strong>licet:</strong></span> <span class='ocrx_word' id='word_1_25' title='bbox 570 1004 733 1071; x_wconf 83' lang='lat' dir='ltr'><strong>vestrisne</strong></span> <span class='ocrx_word' id='word_1_26' title='bbox 745 1006 855 1070; x_wconf 84' lang='lat' dir='ltr'><strong>Creon</strong></span> <span class='ocrx_word' id='word_1_27' title='bbox 866 1000 959 1070; x_wconf 83' lang='lat' dir='ltr'><strong>dabit</strong></span> <span class='ocrx_word' id='word_1_28' title='bbox 969 1025 1090 1096; x_wconf 83' lang='lat' dir='ltr'><strong>aequus</strong></span> <span class='ocrx_word' id='word_1_29' title='bbox 1103 1001 1268 1071; x_wconf 89' lang='lat' dir='ltr'><strong>honorem</strong></span> 
     </span>
     <span class='ocr_line' id='line_1_6' title="bbox 394 1111 1399 1196; baseline -0.003 -16"><span class='ocrx_word' id='word_1_30' title='bbox 394 1111 1131 1196; x_wconf 79' lang='lat' dir='ltr'><strong>Luctibusiimmitescitiusaniridosaras‚</strong></span> <span class='ocrx_word' id='word_1_31' title='bbox 1350 1120 1399 1177; x_wconf 84' lang='lat'><strong>155</strong></span> 
     </span>
     <span class='ocr_line' id='line_1_7' title="bbox 395 1222 1228 1321; baseline -0.001 -29"><span class='ocrx_word' id='word_1_32' title='bbox 395 1225 599 1321; x_wconf 78' lang='lat' dir='ltr'><strong>Odrysiique</strong></span> <span class='ocrx_word' id='word_1_33' title='bbox 610 1223 734 1292; x_wconf 66' lang='lat' dir='ltr'><strong>mntem</strong></span> <span class='ocrx_word' id='word_1_34' title='bbox 747 1224 890 1308; x_wconf 79' lang='lat' dir='ltr'><strong>stabuli,</strong></span> <span class='ocrx_word' id='word_1_35' title='bbox 906 1223 1104 1319; x_wconf 87' lang='lat' dir='ltr'><strong>Siculosque</strong></span> <span class='ocrx_word' id='word_1_36' title='bbox 1114 1222 1228 1292; x_wconf 89' lang='lat' dir='ltr'><strong>licebit</strong></span> 
     </span>
    </p>

    <p class='ocr_par' dir='ltr' id='par_1_4' title="bbox 398 1334 1146 1427">
     <span class='ocr_line' id='line_1_8' title="bbox 398 1334 1146 1427; baseline -0.003 -25"><span class='ocrx_word' id='word_1_37' title='bbox 398 1340 544 1402; x_wconf 81' lang='lat' dir='ltr'><strong>Exorare</strong></span> <span class='ocrx_word' id='word_1_38' title='bbox 556 1341 643 1402; x_wconf 86' lang='lat' dir='ltr'>Deos</span> <span class='ocrx_word' id='word_1_39' title='bbox 655 1363 663 1402; x_wconf 87' lang='lat'>:</span> <span class='ocrx_word' id='word_1_40' title='bbox 677 1337 786 1427; x_wconf 84' lang='lat' dir='ltr'><strong>rapiet</strong></span> <span class='ocrx_word' id='word_1_41' title='bbox 796 1334 939 1402; x_wconf 83' lang='lat' dir='ltr'><strong>fortasse</strong></span> <span class='ocrx_word' id='word_1_42' title='bbox 951 1349 1146 1426; x_wconf 89' lang='lat' dir='ltr'><strong>precantes,</strong></span> 
     </span>
    </p>

    <p class='ocr_par' dir='ltr' id='par_1_5' title="bbox 402 1440 1189 1536">
     <span class='ocr_line' id='line_1_9' title="bbox 402 1440 1189 1536; baseline -0.006 -22"><span class='ocrx_word' id='word_1_43' title='bbox 402 1447 450 1532; x_wconf 90' lang='lat' dir='ltr'><strong>(Si</strong></span> <span class='ocrx_word' id='word_1_44' title='bbox 462 1467 558 1514; x_wconf 87' lang='lat' dir='ltr'><strong>mens</strong></span> <span class='ocrx_word' id='word_1_45' title='bbox 570 1459 650 1512; x_wconf 86' lang='lat' dir='ltr'><strong>nota</strong></span> <span class='ocrx_word' id='word_1_46' title='bbox 662 1442 745 1512; x_wconf 85' lang='lat' dir='ltr'><strong>milii</strong></span> <span class='ocrx_word' id='word_1_47' title='bbox 757 1450 783 1533; x_wconf 90' lang='lat'><strong>,)</strong></span> <span class='ocrx_word' id='word_1_48' title='bbox 797 1467 860 1512; x_wconf 94' lang='lat' dir='ltr'><strong>nec</strong></span> <span class='ocrx_word' id='word_1_49' title='bbox 872 1440 1074 1536; x_wconf 72' lang='lat' dir='ltr'><strong>conjugialia</strong></span> <span class='ocrx_word' id='word_1_50' title='bbox 1086 1465 1189 1536; x_wconf 88' lang='lat' dir='ltr'><strong>supra</strong></span> 
     </span>
    </p>

    <p class='ocr_par' dir='ltr' id='par_1_6' title="bbox 400 1551 1218 1647">
     <span class='ocr_line' id='line_1_10' title="bbox 400 1551 1218 1647; baseline -0.005 -24"><span class='ocrx_word' id='word_1_51' title='bbox 400 1561 550 1638; x_wconf 87' lang='lat' dir='ltr'><strong>Funera,</strong></span> <span class='ocrx_word' id='word_1_52' title='bbox 566 1553 625 1622; x_wconf 87' lang='lat' dir='ltr'><strong>sed</strong></span> <span class='ocrx_word' id='word_1_53' title='bbox 638 1557 724 1622; x_wconf 85' lang='lat' dir='ltr'><strong>caris</strong></span> <span class='ocrx_word' id='word_1_54' title='bbox 737 1553 840 1647; x_wconf 78' lang='lat' dir='ltr'><strong>longe</strong></span> <span class='ocrx_word' id='word_1_55' title='bbox 853 1551 1013 1622; x_wconf 82' lang='lat' dir='ltr'><strong>mactabit</strong></span> <span class='ocrx_word' id='word_1_56' title='bbox 1023 1552 1067 1620; x_wconf 89' lang='lat' dir='ltr'><strong>ab</strong></span> <span class='ocrx_word' id='word_1_57' title='bbox 1079 1552 1218 1621; x_wconf 90' lang='lat' dir='ltr'><strong>umbris.</strong></span> 
     </span>
    </p>
   </div>
   <div class='ocr_carea' id='block_1_3' title="bbox 400 1666 1408 1984">
    <p class='ocr_par' dir='ltr' id='par_1_7' title="bbox 400 1666 1408 1984">
     <span class='ocr_line' id='line_1_11' title="bbox 400 1666 1408 1760; baseline -0.005 -25"><span class='ocrx_word' id='word_1_58' title='bbox 400 1670 492 1753; x_wconf 91' lang='lat' dir='ltr'><strong>Quin</strong></span> <span class='ocrx_word' id='word_1_59' title='bbox 505 1666 631 1760; x_wconf 77' lang='lat' dir='ltr'><strong>fugitis,</strong></span> <span class='ocrx_word' id='word_1_60' title='bbox 645 1666 728 1735; x_wconf 92' lang='lat' dir='ltr'><strong>dum</strong></span> <span class='ocrx_word' id='word_1_61' title='bbox 744 1685 815 1734; x_wconf 89' lang='lat' dir='ltr'><strong>tutu</strong></span> <span class='ocrx_word' id='word_1_62' title='bbox 827 1670 879 1735; x_wconf 90' lang='lat' dir='ltr'><strong>via</strong></span> <span class='ocrx_word' id='word_1_63' title='bbox 891 1683 954 1749; x_wconf 91' lang='lat' dir='ltr'><strong>est,</strong></span> <span class='ocrx_word' id='word_1_64' title='bbox 968 1671 1182 1760; x_wconf 85' lang='lat' dir='ltr'><strong>Lernamque</strong></span> <span class='ocrx_word' id='word_1_65' title='bbox 1194 1687 1338 1752; x_wconf 75' lang='lat' dir='ltr'><strong>reversae</strong></span> <span class='ocrx_word' id='word_1_66' title='bbox 1358 1675 1408 1730; x_wconf 84' lang='lat'><strong>160</strong></span> 
     </span>
     <span class='ocr_line' id='line_1_12' title="bbox 402 1771 1366 1875; baseline -0.002 -31"><span class='ocrx_word' id='word_1_67' title='bbox 402 1779 559 1859; x_wconf 82' lang='lat' dir='ltr'><strong>Nomina,</strong></span> <span class='ocrx_word' id='word_1_68' title='bbox 573 1775 665 1871; x_wconf 91' lang='lat' dir='ltr'><strong>quod</strong></span> <span class='ocrx_word' id='word_1_69' title='bbox 678 1793 848 1875; x_wconf 85' lang='lat' dir='ltr'><strong>superest,</strong></span> <span class='ocrx_word' id='word_1_70' title='bbox 861 1777 976 1843; x_wconf 89' lang='lat' dir='ltr'><strong>vacuis</strong></span> <span class='ocrx_word' id='word_1_71' title='bbox 988 1773 1076 1842; x_wconf 90' lang='lat' dir='ltr'><strong>datis</strong></span> <span class='ocrx_word' id='word_1_72' title='bbox 1089 1773 1172 1841; x_wconf 88' lang='lat' dir='ltr'><strong>orba</strong></span> <span class='ocrx_word' id='word_1_73' title='bbox 1184 1771 1366 1866; x_wconf 81' lang='lat' dir='ltr'><strong>sepulcris,</strong></span> 
     </span>
     <span class='ocr_line' id='line_1_13' title="bbox 402 1886 1233 1984; baseline -0.002 -27"><span class='ocrx_word' id='word_1_74' title='bbox 402 1889 643 1984; x_wconf 82' lang='lat' dir='ltr'><strong>Absentesque</strong></span> <span class='ocrx_word' id='word_1_75' title='bbox 654 1890 783 1957; x_wconf 86' lang='lat' dir='ltr'><strong>animas</strong></span> <span class='ocrx_word' id='word_1_76' title='bbox 795 1887 838 1956; x_wconf 90' lang='lat' dir='ltr'><strong>ad</strong></span> <span class='ocrx_word' id='word_1_77' title='bbox 849 1889 963 1956; x_wconf 85' lang='lat' dir='ltr'><strong>inania</strong></span> <span class='ocrx_word' id='word_1_78' title='bbox 975 1886 1073 1954; x_wconf 85' lang='lat' dir='ltr'><strong>busta</strong></span> <span class='ocrx_word' id='word_1_79' title='bbox 1085 1890 1233 1955; x_wconf 84' lang='lat' dir='ltr'><strong>vocatis?</strong></span> 
     </span>
    </p>
   </div>
   <div class='ocr_carea' id='block_1_4' title="bbox 359 2090 1476 4320">
    <p class='ocr_par' dir='ltr' id='par_1_8' title="bbox 359 2090 1418 2412">
     <span class='ocr_line' id='line_1_14' title="bbox 397 2090 1414 2177; baseline -0.006 -21"><span class='ocrx_word' id='word_1_80' title='bbox 397 2103 454 2156; x_wconf 83' lang='lat'>151.</span> <span class='ocrx_word' id='word_1_81' title='bbox 467 2102 621 2154; x_wconf 77' lang='lat' dir='ltr'><strong>Umbronem</strong></span> <span class='ocrx_word' id='word_1_82' title='bbox 633 2113 723 2157; x_wconf 87' lang='lat' dir='ltr'><strong>custos.</strong></span> <span class='ocrx_word' id='word_1_83' title='bbox 733 2102 863 2156; x_wconf 81' lang='lat' dir='ltr'><strong>Custodes</strong></span> <span class='ocrx_word' id='word_1_84' title='bbox 907 2090 1065 2177; x_wconf 72' lang='lat' dir='ltr'><strong>conjuqdlia.</strong></span> <span class='ocrx_word' id='word_1_85' title='bbox 1076 2131 1111 2140; x_wconf 91' lang='lat'><em>-</em></span> <span class='ocrx_word' id='word_1_86' title='bbox 1119 2102 1175 2155; x_wconf 81' lang='lat' dir='ltr'><strong>Nec</strong></span> <span class='ocrx_word' id='word_1_87' title='bbox 1182 2097 1414 2172; x_wconf 76' lang='lat' dir='ltr'><strong>conjuqaliosupro</strong></span> 
     </span>
     <span class='ocr_line' id='line_1_15' title="bbox 359 2175 1416 2256; baseline -0.007 -21"><span class='ocrx_word' id='word_1_88' title='bbox 359 2185 431 2236; x_wconf 88' lang='lat' dir='ltr'><strong>enim</strong></span> <span class='ocrx_word' id='word_1_89' title='bbox 450 2195 613 2254; x_wconf 77' lang='lat' dir='ltr'><strong>apposuerat</strong></span> <span class='ocrx_word' id='word_1_90' title='bbox 628 2183 730 2251; x_wconf 85' lang='lat' dir='ltr'><strong>Creon,</strong></span> <span class='ocrx_word' id='word_1_91' title='bbox 753 2202 786 2235; x_wconf 87' lang='lat' dir='ltr'><strong>ne</strong></span> <span class='ocrx_word' id='word_1_92' title='bbox 805 2185 864 2256; x_wconf 86' lang='lat' dir='ltr'><strong>quis</strong></span> <span class='ocrx_word' id='word_1_93' title='bbox 909 2175 1416 2250; x_wconf 71' lang='lat' dir='ltr'><strong>Funem.Utrumsolscssecundasnsyl·</strong></span> 
     </span>
     <span class='ocr_line' id='line_1_16' title="bbox 359 2256 1416 2333; baseline -0.004 -19"><span class='ocrx_word' id='word_1_94' title='bbox 359 2278 474 2332; x_wconf 84' lang='lat' dir='ltr'><strong>corpora</strong></span> <span class='ocrx_word' id='word_1_95' title='bbox 496 2261 650 2332; x_wconf 71' lang='lat' dir='ltr'><strong>Argivorum</strong></span> <span class='ocrx_word' id='word_1_96' title='bbox 669 2263 818 2328; x_wconf 83' lang='lat' dir='ltr'><strong>furaretur,</strong></span> <span class='ocrx_word' id='word_1_97' title='bbox 833 2281 864 2314; x_wconf 89' lang='lat' dir='ltr'><strong>ac</strong></span> <span class='ocrx_word' id='word_1_98' title='bbox 909 2261 997 2313; x_wconf 81' lang='lat' dir='ltr'><strong>lsbans</strong></span> <span class='ocrx_word' id='word_1_99' title='bbox 1015 2281 1056 2312; x_wconf 81' lang='lat' dir='ltr'><strong>rso</strong></span> <span class='ocrx_word' id='word_1_100' title='bbox 1079 2258 1249 2333; x_wconf 74' lang='lat' dir='ltr'><strong>conjuqaiia,</strong></span> <span class='ocrx_word' id='word_1_101' title='bbox 1275 2277 1309 2310; x_wconf 85' lang='lat' dir='ltr'><strong>an</strong></span> <span class='ocrx_word' id='word_1_102' title='bbox 1333 2256 1416 2310; x_wconf 84' lang='lat' dir='ltr'><strong>males</strong></span> 
     </span>
     <span class='ocr_line' id='line_1_17' title="bbox 361 2335 1418 2412; baseline -0.009 -17"><span class='ocrx_word' id='word_1_103' title='bbox 361 2339 503 2412; x_wconf 74' lang='lat' dir='ltr'><strong>sepulturae</strong></span> <span class='ocrx_word' id='word_1_104' title='bbox 515 2337 660 2392; x_wconf 76' lang='lat' dir='ltr'><strong>mandaret.</strong></span> <span class='ocrx_word' id='word_1_105' title='bbox 909 2337 1095 2393; x_wconf 79' lang='lat' dir='ltr'><strong>connubialis?</strong></span> <span class='ocrx_word' id='word_1_106' title='bbox 1108 2340 1149 2390; x_wconf 78' lang='lat' dir='ltr'><strong>An</strong></span> <span class='ocrx_word' id='word_1_107' title='bbox 1160 2337 1275 2410; x_wconf 88' lang='lat' dir='ltr'><strong>denique</strong></span> <span class='ocrx_word' id='word_1_108' title='bbox 1285 2335 1418 2409; x_wconf 70' lang='lat' dir='ltr'><strong>conjuqio·</strong></span> 
     </span>
    </p>

    <p class='ocr_par' dir='ltr' id='par_1_9' title="bbox 361 2417 1426 3112">
     <span class='ocr_line' id='line_1_18' title="bbox 401 2417 1418 2492; baseline -0.006 -20"><span class='ocrx_word' id='word_1_109' title='bbox 401 2421 457 2473; x_wconf 79' lang='lat'>155.</span> <span class='ocrx_word' id='word_1_110' title='bbox 469 2419 807 2472; x_wconf 75' lang='lat' dir='ltr'><strong>Luctibusiimmitescitius</strong></span> <span class='ocrx_word' id='word_1_111' title='bbox 814 2421 867 2472; x_wconf 87' lang='lat' dir='ltr'><strong>Bu·</strong></span> <span class='ocrx_word' id='word_1_112' title='bbox 913 2419 966 2484; x_wconf 80' lang='lat' dir='ltr'><strong>lia?</strong></span> <span class='ocrx_word' id='word_1_113' title='bbox 976 2435 1006 2472; x_wconf 91' lang='lat' dir='ltr'><strong>ut</strong></span> <span class='ocrx_word' id='word_1_114' title='bbox 1019 2419 1097 2492; x_wconf 80' lang='lat' dir='ltr'><strong>apud</strong></span> <span class='ocrx_word' id='word_1_115' title='bbox 1106 2419 1230 2472; x_wconf 86' lang='lat' dir='ltr'><strong>Ovidium</strong></span> <span class='ocrx_word' id='word_1_116' title='bbox 1244 2422 1308 2472; x_wconf 87' lang='lat' dir='ltr'><strong>Met.</strong></span> <span class='ocrx_word' id='word_1_117' title='bbox 1324 2418 1371 2470; x_wconf 92' lang='lat' dir='ltr'><strong>lib.</strong></span> <span class='ocrx_word' id='word_1_118' title='bbox 1383 2417 1418 2484; x_wconf 85' lang='lat' dir='ltr'><strong>V,</strong></span> 
     </span>
     <span class='ocr_line' id='line_1_19' title="bbox 361 2497 1420 2572; baseline -0.005 -20"><span class='ocrx_word' id='word_1_119' title='bbox 361 2498 453 2552; x_wconf 81' lang='lat' dir='ltr'><strong>siricius</strong></span> <span class='ocrx_word' id='word_1_120' title='bbox 468 2517 535 2550; x_wconf 79' lang='lat' dir='ltr'><strong>aras.</strong></span> <span class='ocrx_word' id='word_1_121' title='bbox 554 2498 677 2551; x_wconf 75' lang='lat' dir='ltr'><strong>Busiridis</strong></span> <span class='ocrx_word' id='word_1_122' title='bbox 693 2517 761 2550; x_wconf 87' lang='lat' dir='ltr'><strong>unus</strong></span> <span class='ocrx_word' id='word_1_123' title='bbox 774 2497 866 2550; x_wconf 85' lang='lat' dir='ltr'><strong>Behot.</strong></span> <span class='ocrx_word' id='word_1_124' title='bbox 912 2521 936 2554; x_wconf 81' lang='lat' dir='ltr'><strong>v.</strong></span> <span class='ocrx_word' id='word_1_125' title='bbox 949 2499 976 2569; x_wconf 79' lang='lat'><strong>³,</strong></span> <span class='ocrx_word' id='word_1_126' title='bbox 986 2524 996 2547; x_wconf 84' lang='grc' dir='ltr'>ι</span> <span class='ocrx_word' id='word_1_127' title='bbox 1006 2497 1221 2572; x_wconf 74' lang='lat' dir='ltr'><strong>necconjngiolia</strong></span> <span class='ocrx_word' id='word_1_128' title='bbox 1230 2499 1298 2551; x_wconf 86' lang='lat' dir='ltr'><strong>festa</strong></span> <span class='ocrx_word' id='word_1_129' title='bbox 1309 2498 1362 2566; x_wconf 92' lang='lat' dir='ltr'><strong>Qui</strong></span> <span class='ocrx_word' id='word_1_130' title='bbox 1377 2512 1420 2548; x_wconf 85' lang='lat' dir='ltr'><strong>ca·</strong></span> 
     </span>
     <span class='ocr_line' id='line_1_20' title="bbox 363 2571 1421 2648; baseline -0.006 -18"><span class='ocrx_word' id='word_1_131' title='bbox 363 2609 397 2619; x_wconf 94' lang='lat'>-</span> <span class='ocrx_word' id='word_1_132' title='bbox 410 2577 509 2648; x_wconf 55' lang='grc' dir='ltr'><strong>ΜΒ</strong></span> <span class='ocrx_word' id='word_1_133' title='bbox 530 2575 649 2646; x_wconf 82' lang='lat' dir='ltr'><strong>exbibet,</strong></span> <span class='ocrx_word' id='word_1_134' title='bbox 664 2577 802 2630; x_wconf 79' lang='lat' dir='ltr'><strong>Luctibus?</strong></span> <span class='ocrx_word' id='word_1_135' title='bbox 818 2579 868 2628; x_wconf 87' lang='lat' dir='ltr'><strong>im·</strong></span> <span class='ocrx_word' id='word_1_136' title='bbox 912 2571 1421 2643; x_wconf 75' lang='lat' dir='ltr'><strong>nat‚estclamor.·Etlib.Vl,v.53li‚</strong></span> 
     </span>
     <span class='ocr_line' id='line_1_21' title="bbox 364 2655 1422 2727; baseline -0.005 -16"><span class='ocrx_word' id='word_1_137' title='bbox 364 2659 435 2711; x_wconf 85' lang='lat' dir='ltr'><strong>mitis</strong></span> <span class='ocrx_word' id='word_1_138' title='bbox 447 2657 523 2710; x_wconf 86' lang='lat' dir='ltr'><strong>citius</strong></span> <span class='ocrx_word' id='word_1_139' title='bbox 539 2656 670 2709; x_wconf 84' lang='lat' dir='ltr'><strong>Busiridos</strong></span> <span class='ocrx_word' id='word_1_140' title='bbox 681 2675 754 2718; x_wconf 80' lang='lat' dir='ltr'><strong>aras,-</strong></span> <span class='ocrx_word' id='word_1_141' title='bbox 767 2658 831 2727; x_wconf 73' lang='lat' dir='ltr'><strong>ch.</strong></span> <span class='ocrx_word' id='word_1_142' title='bbox 848 2657 870 2710; x_wconf 90' lang='lat' dir='ltr'>C</span> <span class='ocrx_word' id='word_1_143' title='bbox 898 2701 901 2706; x_wconf 96' lang='lat'>.</span> <span class='ocrx_word' id='word_1_144' title='bbox 917 2679 928 2704; x_wconf 81' lang='grc' dir='ltr'>ι</span> <span class='ocrx_word' id='word_1_145' title='bbox 943 2659 1000 2710; x_wconf 86' lang='lat' dir='ltr'><strong>Nec</strong></span> <span class='ocrx_word' id='word_1_146' title='bbox 1018 2677 1077 2710; x_wconf 83' lang='lat' dir='ltr'><strong>mea</strong></span> <span class='ocrx_word' id='word_1_147' title='bbox 1094 2657 1243 2727; x_wconf 72' lang='lat' dir='ltr'><strong>virginitas,</strong></span> <span class='ocrx_word' id='word_1_148' title='bbox 1258 2675 1307 2708; x_wconf 88' lang='lat' dir='ltr'><strong>nec</strong></span> <span class='ocrx_word' id='word_1_149' title='bbox 1325 2655 1422 2724; x_wconf 88' lang='lat' dir='ltr'><strong>conju·</strong></span> 
     </span>
     <span class='ocr_line' id='line_1_22' title="bbox 364 2734 1423 2810; baseline -0.005 -20"><span class='ocrx_word' id='word_1_150' title='bbox 364 2751 480 2790; x_wconf 83' lang='lat' dir='ltr'><strong>nostram</strong></span> <span class='ocrx_word' id='word_1_151' title='bbox 491 2736 552 2789; x_wconf 88' lang='lat' dir='ltr'><strong>lect.</strong></span> <span class='ocrx_word' id='word_1_152' title='bbox 562 2739 607 2789; x_wconf 85' lang='lat' dir='ltr'><strong>Eu.</strong></span> <span class='ocrx_word' id='word_1_153' title='bbox 615 2767 652 2778; x_wconf 90' lang='lat'>—</span> <span class='ocrx_word' id='word_1_154' title='bbox 663 2737 793 2790; x_wconf 85' lang='lat' dir='ltr'><strong>Busiridos</strong></span> <span class='ocrx_word' id='word_1_155' title='bbox 802 2754 868 2788; x_wconf 82' lang='lat' dir='ltr'><strong>aras.</strong></span> <span class='ocrx_word' id='word_1_156' title='bbox 914 2738 992 2810; x_wconf 65' lang='lat' dir='ltr'><strong>(palia</strong></span> <span class='ocrx_word' id='word_1_157' title='bbox 997 2741 1067 2810; x_wconf 82' lang='lat' dir='ltr'><strong>jura.</strong></span> <span class='ocrx_word' id='word_1_158' title='bbox 1077 2761 1088 2785; x_wconf 82' lang='grc' dir='ltr'>ι</span> <span class='ocrx_word' id='word_1_159' title='bbox 1101 2737 1153 2790; x_wconf 85' lang='lat' dir='ltr'><strong>Sed</strong></span> <span class='ocrx_word' id='word_1_160' title='bbox 1163 2739 1257 2790; x_wconf 85' lang='lat' dir='ltr'><strong>mirum</strong></span> <span class='ocrx_word' id='word_1_161' title='bbox 1269 2750 1308 2790; x_wconf 88' lang='lat' dir='ltr'><strong>est</strong></span> <span class='ocrx_word' id='word_1_162' title='bbox 1320 2734 1423 2788; x_wconf 86' lang='lat' dir='ltr'><strong>utrobi·</strong></span> 
     </span>
     <span class='ocr_line' id='line_1_23' title="bbox 365 2811 1422 2889; baseline -0.003 -21"><span class='ocrx_word' id='word_1_163' title='bbox 365 2817 517 2868; x_wconf 76' lang='lat' dir='ltr'><strong>bosirisrex</strong></span> <span class='ocrx_word' id='word_1_164' title='bbox 531 2815 634 2886; x_wconf 68' lang='lat' dir='ltr'><strong>AEgypti</strong></span> <span class='ocrx_word' id='word_1_165' title='bbox 649 2815 741 2867; x_wconf 87' lang='lat' dir='ltr'><strong>solitus</strong></span> <span class='ocrx_word' id='word_1_166' title='bbox 754 2829 809 2866; x_wconf 83' lang='lat' dir='ltr'><strong>eret</strong></span> <span class='ocrx_word' id='word_1_167' title='bbox 823 2814 871 2867; x_wconf 85' lang='lat' dir='ltr'><strong>sd·</strong></span> <span class='ocrx_word' id='word_1_168' title='bbox 916 2836 968 2889; x_wconf 90' lang='lat' dir='ltr'><strong>que</strong></span> <span class='ocrx_word' id='word_1_169' title='bbox 992 2819 1018 2868; x_wconf 91' lang='lat' dir='ltr'><strong>in</strong></span> <span class='ocrx_word' id='word_1_170' title='bbox 1043 2815 1124 2868; x_wconf 90' lang='lat' dir='ltr'><strong>tribus</strong></span> <span class='ocrx_word' id='word_1_171' title='bbox 1147 2815 1306 2868; x_wconf 80' lang='lat' dir='ltr'><strong>membranis</strong></span> <span class='ocrx_word' id='word_1_172' title='bbox 1329 2811 1422 2866; x_wconf 84' lang='lat' dir='ltr'><strong>heberi</strong></span> 
     </span>
     <span class='ocr_line' id='line_1_24' title="bbox 365 2893 1207 2972; baseline -0.001 -26"><span class='ocrx_word' id='word_1_173' title='bbox 365 2913 447 2947; x_wconf 81' lang='lat' dir='ltr'><strong>venas</strong></span> <span class='ocrx_word' id='word_1_174' title='bbox 469 2907 586 2947; x_wconf 85' lang='lat' dir='ltr'><strong>mactare</strong></span> <span class='ocrx_word' id='word_1_175' title='bbox 603 2893 636 2946; x_wconf 84' lang='lat' dir='ltr'><strong>sd</strong></span> <span class='ocrx_word' id='word_1_176' title='bbox 657 2911 715 2948; x_wconf 85' lang='lat' dir='ltr'><strong>aras</strong></span> <span class='ocrx_word' id='word_1_177' title='bbox 732 2913 806 2962; x_wconf 88' lang='lat' dir='ltr'><strong>suas,</strong></span> <span class='ocrx_word' id='word_1_178' title='bbox 826 2893 871 2946; x_wconf 90' lang='lat' dir='ltr'><strong>sed</strong></span> <span class='ocrx_word' id='word_1_179' title='bbox 917 2896 1207 2972; x_wconf 69' lang='lat' dir='ltr'><strong>conjuqalia.Gsonov.</strong></span> 
     </span>
     <span class='ocr_line' id='line_1_25' title="bbox 366 2973 1425 3049; baseline -0.005 -21"><span class='ocrx_word' id='word_1_180' title='bbox 366 2978 424 3049; x_wconf 86' lang='lat' dir='ltr'><strong>ipse</strong></span> <span class='ocrx_word' id='word_1_181' title='bbox 437 2975 544 3028; x_wconf 83' lang='lat' dir='ltr'><strong>tandem</strong></span> <span class='ocrx_word' id='word_1_182' title='bbox 554 2975 587 3028; x_wconf 91' lang='lat' dir='ltr'><strong>ab</strong></span> <span class='ocrx_word' id='word_1_183' title='bbox 599 2975 710 3030; x_wconf 88' lang='lat' dir='ltr'><strong>llercule</strong></span> <span class='ocrx_word' id='word_1_184' title='bbox 720 2975 754 3028; x_wconf 89' lang='lat' dir='ltr'><strong>ad</strong></span> <span class='ocrx_word' id='word_1_185' title='bbox 768 2976 872 3029; x_wconf 86' lang='lat' dir='ltr'><strong>easdem</strong></span> <span class='ocrx_word' id='word_1_186' title='bbox 958 2975 1014 3029; x_wconf 75' lang='lat'>¹6².</span> <span class='ocrx_word' id='word_1_187' title='bbox 1028 2977 1199 3048; x_wconf 80' lang='lat' dir='ltr'><strong>Absentesque</strong></span> <span class='ocrx_word' id='word_1_188' title='bbox 1210 2973 1354 3028; x_wconf 82' lang='lat' dir='ltr'><strong>animosod</strong></span> <span class='ocrx_word' id='word_1_189' title='bbox 1366 2973 1425 3024; x_wconf 85' lang='lat' dir='ltr'><strong>ino·</strong></span> 
     </span>
     <span class='ocr_line' id='line_1_26' title="bbox 367 3053 1426 3112; baseline -0.003 -6"><span class='ocrx_word' id='word_1_190' title='bbox 367 3055 519 3106; x_wconf 83' lang='lat' dir='ltr'><strong>immolatus</strong></span> <span class='ocrx_word' id='word_1_191' title='bbox 533 3069 582 3106; x_wconf 87' lang='lat' dir='ltr'><strong>est.</strong></span> <span class='ocrx_word' id='word_1_192' title='bbox 919 3057 964 3110; x_wconf 85' lang='lat' dir='ltr'><strong>nia</strong></span> <span class='ocrx_word' id='word_1_193' title='bbox 978 3059 1048 3112; x_wconf 79' lang='lat' dir='ltr'><strong>busta</strong></span> <span class='ocrx_word' id='word_1_194' title='bbox 1064 3058 1178 3110; x_wconf 83' lang='lat' dir='ltr'><strong>uocatis?</strong></span> <span class='ocrx_word' id='word_1_195' title='bbox 1188 3085 1224 3096; x_wconf 93' lang='lat'><strong>-·</strong></span> <span class='ocrx_word' id='word_1_196' title='bbox 1233 3057 1355 3109; x_wconf 84' lang='lat' dir='ltr'><strong>Absentes</strong></span> <span class='ocrx_word' id='word_1_197' title='bbox 1364 3053 1426 3107; x_wconf 85' lang='lat' dir='ltr'><strong>oui-</strong></span> 
     </span>
    </p>

    <p class='ocr_par' dir='ltr' id='par_1_10' title="bbox 369 3131 1438 4080">
     <span class='ocr_line' id='line_1_27' title="bbox 408 3131 1426 3207; baseline 0.001 -23"><span class='ocrx_word' id='word_1_198' title='bbox 408 3133 465 3184; x_wconf 77' lang='lat'>156.</span> <span class='ocrx_word' id='word_1_199' title='bbox 483 3133 634 3204; x_wconf 82' lang='lat' dir='ltr'><strong>Odrysiique</strong></span> <span class='ocrx_word' id='word_1_200' title='bbox 639 3133 752 3204; x_wconf 80' lang='lat' dir='ltr'><strong>samem.</strong></span> <span class='ocrx_word' id='word_1_201' title='bbox 764 3131 875 3186; x_wconf 83' lang='lat' dir='ltr'><strong>¹Odrisii-</strong></span> <span class='ocrx_word' id='word_1_202' title='bbox 919 3154 974 3188; x_wconf 87' lang='lat' dir='ltr'><strong>mas</strong></span> <span class='ocrx_word' id='word_1_203' title='bbox 987 3153 1055 3188; x_wconf 86' lang='lat' dir='ltr'><strong>unus</strong></span> <span class='ocrx_word' id='word_1_204' title='bbox 1065 3134 1156 3188; x_wconf 88' lang='lat' dir='ltr'><strong>Bebot.</strong></span> <span class='ocrx_word' id='word_1_205' title='bbox 1170 3137 1267 3186; x_wconf 85' lang='lat' dir='ltr'><strong>omisso</strong></span> <span class='ocrx_word' id='word_1_206' title='bbox 1279 3133 1314 3203; x_wconf 70' lang='lat' dir='ltr'><strong>rii</strong></span> <span class='ocrx_word' id='word_1_207' title='bbox 1322 3153 1380 3207; x_wconf 88' lang='lat' dir='ltr'><strong>que.</strong></span> <span class='ocrx_word' id='word_1_208' title='bbox 1389 3160 1426 3172; x_wconf 94' lang='lat'>-</span> 
     </span>
     <span class='ocr_line' id='line_1_28' title="bbox 369 3210 1427 3288; baseline 0.003 -26"><span class='ocrx_word' id='word_1_209' title='bbox 369 3229 419 3283; x_wconf 88' lang='lat' dir='ltr'><strong>que</strong></span> <span class='ocrx_word' id='word_1_210' title='bbox 435 3210 496 3263; x_wconf 89' lang='lat' dir='ltr'><strong>edd.</strong></span> <span class='ocrx_word' id='word_1_211' title='bbox 509 3224 571 3262; x_wconf 88' lang='lat' dir='ltr'><strong>vett.</strong></span> <span class='ocrx_word' id='word_1_212' title='bbox 592 3212 732 3285; x_wconf 85' lang='lat' dir='ltr'><strong>Otrisiique</strong></span> <span class='ocrx_word' id='word_1_213' title='bbox 746 3231 815 3265; x_wconf 88' lang='lat' dir='ltr'><strong>unus</strong></span> <span class='ocrx_word' id='word_1_214' title='bbox 827 3214 876 3274; x_wconf 64' lang='lat' dir='ltr'><strong>Bs-</strong></span> <span class='ocrx_word' id='word_1_215' title='bbox 919 3216 1091 3288; x_wconf 82' lang='lat' dir='ltr'><strong>Absentesque</strong></span> <span class='ocrx_word' id='word_1_216' title='bbox 1101 3213 1246 3267; x_wconf 81' lang='lat' dir='ltr'><strong>animasacl</strong></span> <span class='ocrx_word' id='word_1_217' title='bbox 1255 3213 1427 3266; x_wconf 71' lang='lat' dir='ltr'><strong>incumbusta</strong></span> 
     </span>
     <span class='ocr_line' id='line_1_29' title="bbox 369 3289 1428 3364; baseline -0.004 -16"><span class='ocrx_word' id='word_1_218' title='bbox 369 3290 426 3343; x_wconf 81' lang='lat' dir='ltr'><strong>hot·</strong></span> <span class='ocrx_word' id='word_1_219' title='bbox 441 3291 546 3361; x_wconf 68' lang='lat' dir='ltr'><strong>famem</strong></span> <span class='ocrx_word' id='word_1_220' title='bbox 560 3289 661 3343; x_wconf 69' lang='lat' dir='ltr'><strong>stabuli·</strong></span> <span class='ocrx_word' id='word_1_221' title='bbox 677 3291 818 3343; x_wconf 64' lang='lat' dir='ltr'><strong>Diomedes</strong></span> <span class='ocrx_word' id='word_1_222' title='bbox 832 3309 876 3342; x_wconf 67' lang='lat' dir='ltr'><strong>re!</strong></span> <span class='ocrx_word' id='word_1_223' title='bbox 921 3297 1023 3349; x_wconf 81' lang='lat' dir='ltr'><strong>vocatis.</strong></span> <span class='ocrx_word' id='word_1_224' title='bbox 1036 3295 1216 3348; x_wconf 81' lang='lat' dir='ltr'><strong>Adumbratus</strong></span> <span class='ocrx_word' id='word_1_225' title='bbox 1227 3315 1258 3347; x_wconf 84' lang='lat' dir='ltr'><strong>ex</strong></span> <span class='ocrx_word' id='word_1_226' title='bbox 1266 3293 1375 3364; x_wconf 70' lang='lat' dir='ltr'><strong>Virgilio</strong></span> <span class='ocrx_word' id='word_1_227' title='bbox 1388 3292 1428 3344; x_wconf 90' lang='lat' dir='ltr'><strong>lo·</strong></span> 
     </span>
     <span class='ocr_line' id='line_1_30' title="bbox 370 3371 1428 3444; baseline -0.002 -20"><span class='ocrx_word' id='word_1_228' title='bbox 370 3371 488 3424; x_wconf 68' lang='lat' dir='ltr'><strong>Thracis}</strong></span> <span class='ocrx_word' id='word_1_229' title='bbox 507 3391 591 3444; x_wconf 87' lang='lat' dir='ltr'><strong>equos</strong></span> <span class='ocrx_word' id='word_1_230' title='bbox 611 3371 732 3424; x_wconf 88' lang='lat' dir='ltr'><strong>humanis</strong></span> <span class='ocrx_word' id='word_1_231' title='bbox 753 3372 876 3424; x_wconf 89' lang='lat' dir='ltr'><strong>carnibus</strong></span> <span class='ocrx_word' id='word_1_232' title='bbox 921 3393 968 3426; x_wconf 92' lang='lat' dir='ltr'><strong>cns</strong></span> <span class='ocrx_word' id='word_1_233' title='bbox 984 3375 1041 3426; x_wconf 84' lang='lat' dir='ltr'><strong>AEn.</strong></span> <span class='ocrx_word' id='word_1_234' title='bbox 1058 3374 1107 3438; x_wconf 89' lang='lat' dir='ltr'><strong>lll,</strong></span> <span class='ocrx_word' id='word_1_235' title='bbox 1118 3393 1145 3426; x_wconf 82' lang='lat' dir='ltr'><strong>s.</strong></span> <span class='ocrx_word' id='word_1_236' title='bbox 1160 3374 1211 3425; x_wconf 76' lang='lat'><strong>302</strong></span> <span class='ocrx_word' id='word_1_237' title='bbox 1225 3386 1251 3424; x_wconf 90' lang='lat' dir='ltr'><strong>et</strong></span> <span class='ocrx_word' id='word_1_238' title='bbox 1262 3391 1319 3444; x_wconf 87' lang='lat' dir='ltr'><strong>sqq.</strong></span> <span class='ocrx_word' id='word_1_239' title='bbox 1333 3395 1344 3419; x_wconf 77' lang='lat' dir='ltr'><strong>s</strong></span> <span class='ocrx_word' id='word_1_240' title='bbox 1358 3373 1428 3422; x_wconf 79' lang='lat' dir='ltr'><strong>Ante</strong></span> 
     </span>
     <span class='ocr_line' id='line_1_31' title="bbox 373 3441 1430 3521; baseline -0.003 -18"><span class='ocrx_word' id='word_1_241' title='bbox 373 3450 476 3513; x_wconf 56' lang='lat' dir='ltr'><strong>alebam</strong></span> <span class='ocrx_word' id='word_1_242' title='bbox 488 3441 535 3502; x_wconf 76' lang='lat' dir='ltr'><strong>sed</strong></span> <span class='ocrx_word' id='word_1_243' title='bbox 547 3455 602 3521; x_wconf 90' lang='lat' dir='ltr'><strong>ipse</strong></span> <span class='ocrx_word' id='word_1_244' title='bbox 615 3450 648 3502; x_wconf 84' lang='lat' dir='ltr'><strong>ab</strong></span> <span class='ocrx_word' id='word_1_245' title='bbox 662 3449 774 3502; x_wconf 81' lang='lat' dir='ltr'><strong>Hercule</strong></span> <span class='ocrx_word' id='word_1_246' title='bbox 785 3450 877 3502; x_wconf 87' lang='lat' dir='ltr'><strong>iisdem</strong></span> <span class='ocrx_word' id='word_1_247' title='bbox 922 3454 1014 3506; x_wconf 87' lang='lat' dir='ltr'><strong>urbem</strong></span> <span class='ocrx_word' id='word_1_248' title='bbox 1028 3455 1056 3510; x_wconf 88' lang='lat' dir='ltr'><strong>in</strong></span> <span class='ocrx_word' id='word_1_249' title='bbox 1069 3453 1144 3519; x_wconf 91' lang='lat' dir='ltr'><strong>luco,</strong></span> <span class='ocrx_word' id='word_1_250' title='bbox 1158 3451 1218 3504; x_wconf 85' lang='lat' dir='ltr'><strong>falsi</strong></span> <span class='ocrx_word' id='word_1_251' title='bbox 1235 3452 1375 3504; x_wconf 86' lang='lat' dir='ltr'><strong>Simoentis</strong></span> <span class='ocrx_word' id='word_1_252' title='bbox 1395 3447 1430 3500; x_wconf 88' lang='lat' dir='ltr'><strong>ad</strong></span> 
     </span>
     <span class='ocr_line' id='line_1_32' title="bbox 373 3528 1431 3601; baseline -0.003 -19"><span class='ocrx_word' id='word_1_253' title='bbox 373 3528 522 3601; x_wconf 84' lang='lat' dir='ltr'><strong>epulandus</strong></span> <span class='ocrx_word' id='word_1_254' title='bbox 539 3531 677 3601; x_wconf 76' lang='lat' dir='ltr'><strong>appositus</strong></span> <span class='ocrx_word' id='word_1_255' title='bbox 690 3541 737 3580; x_wconf 89' lang='lat' dir='ltr'><strong>est.</strong></span> <span class='ocrx_word' id='word_1_256' title='bbox 753 3559 788 3568; x_wconf 91' lang='lat'><em>-</em></span> <span class='ocrx_word' id='word_1_257' title='bbox 801 3529 878 3581; x_wconf 85' lang='lat' dir='ltr'><strong>Sicu·</strong></span> <span class='ocrx_word' id='word_1_258' title='bbox 922 3532 1035 3598; x_wconf 85' lang='lat' dir='ltr'><strong>undans,</strong></span> <span class='ocrx_word' id='word_1_259' title='bbox 1052 3531 1162 3584; x_wconf 79' lang='lat' dir='ltr'><strong>Libebat</strong></span> <span class='ocrx_word' id='word_1_260' title='bbox 1183 3532 1265 3582; x_wconf 88' lang='lat' dir='ltr'><strong>cineri</strong></span> <span class='ocrx_word' id='word_1_261' title='bbox 1281 3528 1431 3581; x_wconf 81' lang='lat' dir='ltr'><strong>Androma-</strong></span> 
     </span>
     <span class='ocr_line' id='line_1_33' title="bbox 374 3607 1432 3686; baseline -0.003 -25"><span class='ocrx_word' id='word_1_262' title='bbox 374 3607 478 3680; x_wconf 88' lang='lat' dir='ltr'><strong>losque,</strong></span> <span class='ocrx_word' id='word_1_263' title='bbox 502 3623 552 3661; x_wconf 88' lang='lat' dir='ltr'><strong>etc.</strong></span> <span class='ocrx_word' id='word_1_264' title='bbox 572 3610 691 3660; x_wconf 86' lang='lat' dir='ltr'><strong>Cruccus</strong></span> <span class='ocrx_word' id='word_1_265' title='bbox 710 3628 759 3679; x_wconf 86' lang='lat' dir='ltr'><strong>per</strong></span> <span class='ocrx_word' id='word_1_266' title='bbox 779 3607 879 3662; x_wconf 87' lang='lat' dir='ltr'><strong>Siculos</strong></span> <span class='ocrx_word' id='word_1_267' title='bbox 923 3613 986 3678; x_wconf 83' lang='lat' dir='ltr'><strong>che,</strong></span> <span class='ocrx_word' id='word_1_268' title='bbox 998 3609 1262 3686; x_wconf 81' lang='lat' dir='ltr'><strong>Manesquevorabat</strong></span> <span class='ocrx_word' id='word_1_269' title='bbox 1271 3613 1432 3662; x_wconf 87' lang='lat' dir='ltr'><strong>Hectoreum</strong></span> 
     </span>
     <span class='ocr_line' id='line_1_34' title="bbox 374 3685 1431 3763; baseline 0 -24"><span class='ocrx_word' id='word_1_270' title='bbox 374 3689 442 3740; x_wconf 86' lang='lat' dir='ltr'><strong>Deos</strong></span> <span class='ocrx_word' id='word_1_271' title='bbox 451 3685 572 3758; x_wconf 75' lang='lat' dir='ltr'><strong>intelligit</strong></span> <span class='ocrx_word' id='word_1_272' title='bbox 583 3686 728 3758; x_wconf 72' lang='lat' dir='ltr'><strong>Cyclopas,</strong></span> <span class='ocrx_word' id='word_1_273' title='bbox 741 3689 786 3758; x_wconf 89' lang='lat' dir='ltr'><strong>qni</strong></span> <span class='ocrx_word' id='word_1_274' title='bbox 799 3701 825 3739; x_wconf 89' lang='lat' dir='ltr'><strong>et</strong></span> <span class='ocrx_word' id='word_1_275' title='bbox 838 3689 879 3739; x_wconf 88' lang='lat' dir='ltr'><strong>Dii</strong></span> <span class='ocrx_word' id='word_1_276' title='bbox 924 3692 958 3744; x_wconf 75' lang='lat' dir='ltr'><strong>sd</strong></span> <span class='ocrx_word' id='word_1_277' title='bbox 979 3691 1125 3744; x_wconf 80' lang='lat' dir='ltr'><strong>tumulum:</strong></span> <span class='ocrx_word' id='word_1_278' title='bbox 1141 3691 1218 3743; x_wconf 78' lang='lat' dir='ltr'><strong>viridi</strong></span> <span class='ocrx_word' id='word_1_279' title='bbox 1234 3709 1311 3763; x_wconf 82' lang='lat' dir='ltr'><strong>quem</strong></span> <span class='ocrx_word' id='word_1_280' title='bbox 1331 3688 1431 3759; x_wconf 87' lang='lat' dir='ltr'><strong>cespite</strong></span> 
     </span>
     <span class='ocr_line' id='line_1_35' title="bbox 375 3763 1434 3840; baseline 0.003 -26"><span class='ocrx_word' id='word_1_281' title='bbox 375 3763 493 3818; x_wconf 82' lang='lat' dir='ltr'><strong>Hesiodo</strong></span> <span class='ocrx_word' id='word_1_282' title='bbox 508 3765 533 3815; x_wconf 92' lang='lat' dir='ltr'><strong>in</strong></span> <span class='ocrx_word' id='word_1_283' title='bbox 546 3763 717 3835; x_wconf 78' lang='lat' dir='ltr'><strong>Theogonis,</strong></span> <span class='ocrx_word' id='word_1_284' title='bbox 732 3779 758 3818; x_wconf 88' lang='lat' dir='ltr'><strong>et</strong></span> <span class='ocrx_word' id='word_1_285' title='bbox 771 3769 816 3836; x_wconf 90' lang='lat' dir='ltr'><strong>qui</strong></span> <span class='ocrx_word' id='word_1_286' title='bbox 830 3763 880 3817; x_wconf 88' lang='lat' dir='ltr'><strong>ltu·</strong></span> <span class='ocrx_word' id='word_1_287' title='bbox 925 3773 1044 3836; x_wconf 85' lang='lat' dir='ltr'><strong>inanem,</strong></span> <span class='ocrx_word' id='word_1_288' title='bbox 1054 3771 1085 3821; x_wconf 87' lang='lat' dir='ltr'><strong>Et</strong></span> <span class='ocrx_word' id='word_1_289' title='bbox 1096 3773 1229 3840; x_wconf 78' lang='lat' dir='ltr'><strong>geminas,</strong></span> <span class='ocrx_word' id='word_1_290' title='bbox 1240 3767 1434 3821; x_wconf 78' lang='lat' dir='ltr'><strong>causamlscri-</strong></span> 
     </span>
     <span class='ocr_line' id='line_1_36' title="bbox 377 3843 1435 3919; baseline 0.004 -23"><span class='ocrx_word' id='word_1_291' title='bbox 377 3847 461 3896; x_wconf 81' lang='lat' dir='ltr'><strong>manis</strong></span> <span class='ocrx_word' id='word_1_292' title='bbox 477 3843 601 3896; x_wconf 87' lang='lat' dir='ltr'><strong>carnibus</strong></span> <span class='ocrx_word' id='word_1_293' title='bbox 620 3844 803 3898; x_wconf 83' lang='lat' dir='ltr'><strong>vescebantur.</strong></span> <span class='ocrx_word' id='word_1_294' title='bbox 825 3846 882 3898; x_wconf 89' lang='lat' dir='ltr'><strong>No·</strong></span> <span class='ocrx_word' id='word_1_295' title='bbox 926 3853 998 3914; x_wconf 89' lang='lat' dir='ltr'><strong>mis,</strong></span> <span class='ocrx_word' id='word_1_296' title='bbox 1026 3863 1171 3902; x_wconf 82' lang='lat' dir='ltr'><strong>sacraverat</strong></span> <span class='ocrx_word' id='word_1_297' title='bbox 1193 3867 1262 3901; x_wconf 85' lang='lat' dir='ltr'><strong>aras.</strong></span> <span class='ocrx_word' id='word_1_298' title='bbox 1278 3872 1289 3894; x_wconf 77' lang='lat' dir='ltr'><strong>r</strong></span> <span class='ocrx_word' id='word_1_299' title='bbox 1316 3847 1435 3919; x_wconf 87' lang='lat' dir='ltr'><strong>Respicit</strong></span> 
     </span>
     <span class='ocr_line' id='line_1_37' title="bbox 378 3913 1436 4000; baseline 0.002 -24"><span class='ocrx_word' id='word_1_300' title='bbox 378 3937 435 3976; x_wconf 90' lang='lat' dir='ltr'><strong>tum</strong></span> <span class='ocrx_word' id='word_1_301' title='bbox 451 3937 539 3976; x_wconf 85' lang='lat' dir='ltr'><strong>sutem</strong></span> <span class='ocrx_word' id='word_1_302' title='bbox 554 3924 678 3976; x_wconf 89' lang='lat' dir='ltr'><strong>omnibus</strong></span> <span class='ocrx_word' id='word_1_303' title='bbox 691 3925 822 3998; x_wconf 77' lang='lat' dir='ltr'><strong>Cyclopes</strong></span> <span class='ocrx_word' id='word_1_304' title='bbox 839 3945 880 3979; x_wconf 84' lang='lat' dir='ltr'><strong>se·</strong></span> <span class='ocrx_word' id='word_1_305' title='bbox 928 3941 1039 3999; x_wconf 84' lang='lat' dir='ltr'><strong>uterque</strong></span> <span class='ocrx_word' id='word_1_306' title='bbox 1055 3942 1134 4000; x_wconf 89' lang='lat' dir='ltr'><strong>poeta</strong></span> <span class='ocrx_word' id='word_1_307' title='bbox 1149 3927 1182 3980; x_wconf 87' lang='lat' dir='ltr'><strong>ad</strong></span> <span class='ocrx_word' id='word_1_308' title='bbox 1194 3913 1343 3992; x_wconf 62' lang='lat' dir='ltr'><strong>sssoriqsos,</strong></span> <span class='ocrx_word' id='word_1_309' title='bbox 1359 3928 1436 3996; x_wconf 83' lang='lat' dir='ltr'><strong>cujus</strong></span> 
     </span>
     <span class='ocr_line' id='line_1_38' title="bbox 378 4003 1438 4080; baseline 0.001 -24"><span class='ocrx_word' id='word_1_310' title='bbox 378 4003 438 4057; x_wconf 87' lang='lat' dir='ltr'><strong>dem</strong></span> <span class='ocrx_word' id='word_1_311' title='bbox 452 4003 576 4056; x_wconf 87' lang='lat' dir='ltr'><strong>habuisse</strong></span> <span class='ocrx_word' id='word_1_312' title='bbox 588 4006 615 4055; x_wconf 92' lang='lat' dir='ltr'><strong>in</strong></span> <span class='ocrx_word' id='word_1_313' title='bbox 628 4005 726 4057; x_wconf 87' lang='lat' dir='ltr'><strong>Sicilia.</strong></span> <span class='ocrx_word' id='word_1_314' title='bbox 928 4005 1081 4079; x_wconf 76' lang='lat' dir='ltr'><strong>praeclarum</strong></span> <span class='ocrx_word' id='word_1_315' title='bbox 1095 4008 1164 4080; x_wconf 78' lang='lat' dir='ltr'><strong>apud</strong></span> <span class='ocrx_word' id='word_1_316' title='bbox 1175 4006 1381 4079; x_wconf 82' lang='lat' dir='ltr'><strong>Xenophontem</strong></span> <span class='ocrx_word' id='word_1_317' title='bbox 1390 4023 1438 4057; x_wconf 89' lang='lat' dir='ltr'><strong>es·</strong></span> 
     </span>
    </p>

    <p class='ocr_par' dir='ltr' id='par_1_11' title="bbox 379 4081 1476 4320">
     <span class='ocr_line' id='line_1_39' title="bbox 419 4081 1438 4162; baseline 0 -26"><span class='ocrx_word' id='word_1_318' title='bbox 419 4081 476 4138; x_wconf 79' lang='grc'><strong>158.</strong></span> <span class='ocrx_word' id='word_1_319' title='bbox 488 4083 515 4136; x_wconf 87' lang='lat' dir='ltr'><strong>S.</strong></span> <span class='ocrx_word' id='word_1_320' title='bbox 531 4105 567 4137; x_wconf 87' lang='lat' dir='ltr'><strong>ns.</strong></span> <span class='ocrx_word' id='word_1_321' title='bbox 583 4105 609 4138; x_wconf 85' lang='lat' dir='ltr'><strong>u.</strong></span> <span class='ocrx_word' id='word_1_322' title='bbox 625 4105 661 4138; x_wconf 87' lang='lat' dir='ltr'><strong>m.</strong></span> <span class='ocrx_word' id='word_1_323' title='bbox 677 4106 723 4138; x_wconf 88' lang='lat' dir='ltr'><strong>nec</strong></span> <span class='ocrx_word' id='word_1_324' title='bbox 733 4087 884 4162; x_wconf 75' lang='lat' dir='ltr'><strong>conjuqcliu</strong></span> <span class='ocrx_word' id='word_1_325' title='bbox 930 4085 1046 4158; x_wconf 88' lang='lat' dir='ltr'><strong>emplum</strong></span> <span class='ocrx_word' id='word_1_326' title='bbox 1056 4087 1102 4140; x_wconf 92' lang='lat' dir='ltr'><strong>lib.</strong></span> <span class='ocrx_word' id='word_1_327' title='bbox 1111 4089 1159 4154; x_wconf 85' lang='lat' dir='ltr'><strong>Vl,</strong></span> <span class='ocrx_word' id='word_1_328' title='bbox 1169 4086 1350 4158; x_wconf 83' lang='lat' dir='ltr'><strong>Expeditionis</strong></span> <span class='ocrx_word' id='word_1_329' title='bbox 1360 4085 1438 4158; x_wconf 75' lang='lat' dir='ltr'><strong>Cyri,</strong></span> 
     </span>
     <span class='ocr_line' id='line_1_40' title="bbox 379 4163 1439 4240; baseline -0.002 -22"><span class='ocrx_word' id='word_1_330' title='bbox 379 4183 465 4237; x_wconf 83' lang='lat' dir='ltr'><strong>supra.</strong></span> <span class='ocrx_word' id='word_1_331' title='bbox 485 4163 606 4218; x_wconf 75' lang='lat' dir='ltr'><strong>barthius</strong></span> <span class='ocrx_word' id='word_1_332' title='bbox 624 4165 688 4238; x_wconf 75' lang='lat' dir='ltr'><strong>legit</strong></span> <span class='ocrx_word' id='word_1_333' title='bbox 708 4166 886 4240; x_wconf 71' lang='lat' dir='ltr'><strong>conjuqiali05</strong></span> <span class='ocrx_word' id='word_1_334' title='bbox 930 4167 976 4218; x_wconf 91' lang='lat' dir='ltr'><strong>ubi</strong></span> <span class='ocrx_word' id='word_1_335' title='bbox 990 4167 1130 4232; x_wconf 86' lang='lat' dir='ltr'><strong>militibus,</strong></span> <span class='ocrx_word' id='word_1_336' title='bbox 1145 4165 1439 4238; x_wconf 80' lang='lat' dir='ltr'><strong>quorumreliquiaere·</strong></span> 
     </span>
     <span class='ocr_line' id='line_1_41' title="bbox 381 4241 1476 4320; baseline 0.005 -24"><span class='ocrx_word' id='word_1_337' title='bbox 381 4241 442 4296; x_wconf 88' lang='lat' dir='ltr'><strong>edd.</strong></span> <span class='ocrx_word' id='word_1_338' title='bbox 458 4255 523 4295; x_wconf 81' lang='lat' dir='ltr'><strong>vett.</strong></span> <span class='ocrx_word' id='word_1_339' title='bbox 542 4255 568 4294; x_wconf 83' lang='lat' dir='ltr'><strong>et</strong></span> <span class='ocrx_word' id='word_1_340' title='bbox 583 4243 664 4299; x_wconf 85' lang='lat' dir='ltr'><strong>codd.</strong></span> <span class='ocrx_word' id='word_1_341' title='bbox 682 4262 774 4297; x_wconf 87' lang='lat' dir='ltr'><strong>omnes</strong></span> <span class='ocrx_word' id='word_1_342' title='bbox 785 4243 886 4298; x_wconf 78' lang='lat' dir='ltr'><strong>liabent</strong></span> <span class='ocrx_word' id='word_1_343' title='bbox 930 4249 1010 4320; x_wconf 87' lang='lat' dir='ltr'><strong>periri</strong></span> <span class='ocrx_word' id='word_1_344' title='bbox 1024 4267 1079 4302; x_wconf 91' lang='lat' dir='ltr'><strong>non</strong></span> <span class='ocrx_word' id='word_1_345' title='bbox 1097 4260 1234 4320; x_wconf 88' lang='lat' dir='ltr'><strong>poterant,</strong></span> <span class='ocrx_word' id='word_1_346' title='bbox 1254 4250 1333 4300; x_wconf 87' lang='lat' dir='ltr'><strong>insne</strong></span> <span class='ocrx_word' id='word_1_347' title='bbox 1347 4243 1439 4302; x_wconf 73' lang='lat' dir='ltr'><strong>scnd-</strong></span> <span class='ocrx_word' id='word_1_348' title='bbox 1472 4247 1476 4255; x_wconf 85' lang='grc'><em>“</em></span> 
     </span>
    </p>
   </div>
   <div class='ocr_carea' id='block_1_5' title="bbox 0 0 1687 5160">
    <p class='ocr_par' dir='ltr' id='par_1_12' title="bbox 0 0 1687 5160">
     <span class='ocr_line' id='line_1_42' title="bbox 0 0 1687 5160; baseline 0 0"><span class='ocrx_word' id='word_1_349' title='bbox 0 0 1687 5160; x_wconf 95' lang='lat' dir='ltr'><strong> </strong></span> 
     </span>
    </p>
   </div>
  </div>
 </body>
</html>
