3230 5168
379 511 438 579 152
610 515 645 576 P.
672 513 707 576 P.
734 512 889 577 STATll
914 513 1191 580 THEBAIDOS

420 645 460 708 ln
473 637 586 708 vultus
599 636 745 730 galeam,
758 636 973 732 clipeumque
985 641 1019 705 in
1032 655 1170 733 pectora
1182 639 1305 723 calcat,

420 754 559 820 Saucius
571 766 722 818 extremo
733 749 842 818 donec
854 773 932 818 cum
944 753 1109 842 sanguine
1120 750 1234 821 frenos

422 863 626 956 Respuit,et
632 859 751 953 juncta
763 858 902 928 domino
913 863 1043 929 cervice
1053 861 1229 930 recumbit.
1325 881 1327 888 ’

469 975 522 1042 Sic
534 971 647 1041 ulmus
658 974 822 1066 vitisque,
836 970 963 1065 duplex
970 971 1103 1066 jactura
1115 972 1243 1056 coloni,
1373 986 1424 1052 ⁵l5

352 1101 356 1108 ’
422 1089 581 1153 Gaurano
593 1084 635 1152 de
647 1100 763 1152 monte
774 1082 920 1151 cadunt:
935 1083 995 1152 sed
1007 1087 1158 1152 moestior
1168 1084 1282 1154 ulmus

424 1198 551 1282 Quaerit
563 1211 747 1291 utrumque
759 1217 899 1278 nemus,
913 1219 976 1262 nec
987 1210 1057 1262 tant
1070 1219 1132 1264 sua
1142 1194 1279 1264 brachia
1290 1194 1424 1276 labens,

423 1313 533 1396 Quam
545 1309 648 1402 gemit
659 1323 827 1390 assuetas,
840 1308 1011 1403 invitaque
1022 1311 1164 1401 proterit
1175 1333 1268 1376 uvas.

471 1423 643 1490 Sumserat
654 1423 689 1487 in
701 1423 835 1486 Danaos
848 1418 1042 1487 Heliconius
1054 1443 1147 1487 arma
1159 1419 1361 1503 Choroebns‚

425 1540 511 1600 Ante
523 1553 636 1598 comes
649 1531 892 1623 Musis,Stygii
904 1533 959 1597 cni
972 1532 1105 1598 conscia
1117 1535 1215 1624 pensi
1377 1541 1428 1594 550

425 1649 504 1736 Ipsa
516 1641 574 1710 diu
586 1645 747 1736 inspectis
759 1641 865 1710 letum
877 1643 1078 1736 proedixerat
1089 1646 1187 1712 astris
1495 1631 1497 1636 ⁸

426 1757 571 1824 Uranie:
585 1757 679 1847 cupit
689 1752 745 1821 ille
757 1771 886 1838 tamen,
898 1779 1098 1850 pugnasque
1110 1758 1267 1852 virosque

426 1868 581 1934 Forsitan
593 1880 633 1932 nt
643 1880 798 1933 caneret:
813 1863 914 1957 longa
921 1863 1011 1958 jacet
1022 1868 1094 1959 ipse
1106 1865 1277 1936 canendus

428 1977 560 2060 Laude,
574 1976 632 2045 sed
643 1977 805 2045 amissum
819 1993 922 2046 mutae
934 1977 1057 2047 llevere
1069 2002 1210 2048 sorores.

382 2188 501 2228 nostrum
525 2174 667 2228 lectionem
690 2175 805 2229 exhibet.
837 2177 883 2229 En.
967 2177 1026 2232 550.
1049 2177 1136 2252 Sryqit
1153 2181 1236 2251 pensi.
1255 2179 1341 2228 Percae
1362 2177 1432 2226 eninr

421 2254 481 2322 542.
493 2254 747 2331 Invultusqaleam‚
759 2269 810 2309 etc.
820 2257 884 2328 Reg.
931 2257 1099 2310 collocantur
1107 2260 1134 2310 in
1144 2258 1251 2323 Inferis,
1261 2255 1306 2308 ubi
1315 2255 1375 2328 Styx
1386 2254 1432 2306 llu-

382 2337 415 2402 B,
427 2336 462 2388 In
482 2335 555 2389 vultu
568 2335 674 2409 yoleam
688 2333 787 2402 habet,
801 2335 885 2398 male;
932 2339 1004 2404 rins,
1026 2350 1052 2392 et
1070 2339 1151 2389 vitam
1169 2338 1352 2408 cujuscunque
1370 2353 1433 2386 nere

382 2416 447 2486 Reg.
459 2416 482 2468 C
493 2429 562 2468 nost.
575 2415 682 2468 lection.
702 2417 748 2466 En.
932 2413 1065 2468 dicuntur.

420 2492 481 2559 545.
489 2492 593 2565 Duplex
593 2497 701 2566 jactura
708 2491 804 2546 coloni,
813 2493 887 2545 Unus
969 2493 1029 2547 551.
1049 2493 1110 2566 Ipsa
1122 2494 1167 2545 diu
1178 2491 1304 2563 inspeetis.
1317 2490 1377 2562 Ipso
1387 2487 1433 2539 dtu

385 2573 470 2627 codex
481 2572 683 2645 lindenbrogii:
692 2574 795 2644 jactura
804 2571 889 2624 colen·
930 2572 1000 2645 potis
1011 2573 1127 2644 lipsien.
1140 2570 1212 2624 unde
1222 2573 1254 2622 V.
1265 2571 1297 2622 D.
1311 2567 1434 2640 quidam:

384 2654 413 2706 εἰ.
424 2684 460 2693 -
469 2655 543 2706 llanc
551 2653 692 2706 lectionem
699 2655 763 2726 Reg.
771 2651 888 2717 ebibet,
932 2652 979 2703 diu
988 2651 1092 2724 positis5
1110 2650 1183 2722 quod
1197 2647 1321 2702 exhibent
1332 2647 1437 2719 aliquot

385 2735 449 2806 Reg.
462 2735 483 2786 C
494 2748 620 2786 nostram.
639 2735 686 2784 En.
933 2727 1092 2781 membranae
1113 2727 1225 2794 barthii,
1245 2746 1303 2780 unte
1322 2725 1437 2780 Linden-

422 2809 483 2880 546.
505 2812 670 2866 Gauranode
682 2812 887 2865 montecadunt.
933 2807 1033 2878 brosii,
1053 2809 1169 2859 Petrens.
1189 2803 1300 2860 Cuntub.
1319 2804 1436 2856 Gronov.

389 2895 511 2968 Goryano
525 2893 658 2947 demente
671 2911 739 2946 unua
751 2891 891 2946 Behot-
935 2886 1023 2940 Barth.
1039 2899 1066 2939 et
1081 2886 1162 2938 Veen.
1177 2885 1239 2956 Ipsa
1257 2883 1302 2936 diu
1320 2882 1438 2956 inspectis

388 2977 513 3028 Gaurano
534 2976 565 3028 de
585 2989 682 3029 monte.
702 2975 823 3041 Gaurus,
843 2993 890 3027 seu
935 2968 1004 3019 Dan·
1018 2969 1106 3018 Pettv·
1125 2964 1228 3017 Behott.
1249 2982 1272 3031 1,
1288 2981 1319 3030 2,
1337 2959 1436 3014 Buslid·

387 3057 545 3119 Gauranos,
561 3073 637 3106 mons
655 3053 808 3126 Campania
827 3072 891 3124 pro·
935 3043 1263 3118 Lindenbrog.et1)elph.
1276 3073 1312 3084 —
1326 3044 1388 3114 Reg.
1405 3044 1437 3105 Β,

389 3135 506 3203 pinquus
515 3133 636 3184 Massieis
645 3143 671 3183 et
681 3131 854 3194 surrentinis,
864 3131 891 3180 in
937 3127 998 3199 Ipsa
1009 3127 1053 3178 diu
1063 3125 1165 3198 positis,
1182 3137 1231 3176 etc.
1243 3121 1360 3195 praeben
1373 3122 1436 3191 Reg.

388 3228 442 3282 quo
456 3209 573 3260 noscitur
586 3211 676 3260 vinum
689 3211 828 3281 precipuae
840 3206 893 3259 bo·
936 3206 958 3258 C
969 3219 1038 3258 nost.
1051 3203 1112 3257 leet.
1131 3203 1177 3254 En.

389 3289 486 3342 nitatis.
511 3285 597 3338 Hodie
618 3287 640 3338 il
659 3287 753 3339 Monte
770 3288 891 3340 Barbare.
974 3283 1035 3337 552.
1061 3284 1093 3335 U.
1114 3281 1188 3354 cupit
1205 3280 1251 3333 ille
1268 3291 1365 3332 tomen.
1387 3281 1438 3330 ·1n

389 3371 436 3422 Eo.
457 3367 565 3419 -Sed
584 3367 697 3418 moestt'or
715 3364 808 3418 ulmro.
832 3368 893 3418 ldae
939 3367 1040 3435 optimo
1053 3363 1146 3416 codiee
1161 3361 1229 3414 clare
1245 3362 1438 3432 scriptumest:

391 3451 461 3504 enim
471 3446 551 3500 arbor
562 3447 654 3498 vitium
663 3446 778 3496 amicitie
789 3446 893 3498 notissi-
937 3445 1011 3516 eupit
1027 3443 1063 3495 ire
1078 3452 1196 3496 tamen.»
1212 3441 1309 3491 Btnrn.
1326 3469 1362 3478 —
1376 3439 1440 3490 Ura-

392 3547 447 3596 m,
460 3527 604 3598 presertim
615 3527 642 3577 in
651 3523 734 3576 ltalia.
938 3523 989 3574 nie.
1005 3525 1065 3575 Una
1080 3541 1112 3576 ex
1125 3521 1226 3587 Musis,
1239 3520 1311 3571 Joris
1324 3532 1350 3570 et
1364 3519 1441 3570 Mne-

427 3606 487 3676 547.
515 3606 612 3676 Quoen't
633 3615 773 3676 utriumque
795 3624 891 3658 nemus.
938 3619 1059 3674 mosynes
1074 3599 1142 3665 filia,
1160 3600 1204 3650 cui
1218 3599 1334 3650 inventio
1349 3599 1442 3648 Astro-

394 3685 493 3758 Quaert't
501 3685 630 3756 utrimque
637 3686 696 3736 Pnt.
705 3712 741 3724 -
751 3684 894 3755 Utrumque
938 3679 1013 3752 logie
1023 3680 1156 3746 tribuitur,
1165 3675 1237 3730 unde
1248 3689 1274 3728 et
1283 3694 1382 3728 nornen
1391 3687 1442 3727 tra·

393 3785 490 3821 nanus.
511 3767 627 3834 Neritus,
647 3785 696 3838 pro
715 3764 809 3818 arbore
830 3767 894 3820 saris
939 3763 991 3813 xit:
1004 3758 1097 3829 ripsrir
1113 3759 1183 3812 enim
1197 3758 1286 3810 Graeee
1301 3755 1393 3809 eoelum
1406 3757 1442 3806 si-

392 3847 527 3900 nudneter.
939 3839 1055 3910 gnificat.

428 3928 489 3998 549.
507 3928 534 3980 S.
546 3929 575 3979 in
586 3927 778 3981 D.11el.armu
792 3928 896 3979 Choroe·
976 3920 1036 3989 554.
1056 3919 1107 3972 Sed
1119 3918 1242 3970 amissum
1256 3927 1335 3968 mutoe
1343 3914 1444 3991 flevere

391 4011 443 4062 lms.
462 4009 529 4060 Dan.
547 4010 635 4060 Peter.
655 4022 681 4060 et
698 4007 802 4060 Behott.
821 4026 894 4058 arma
938 4018 1043 4053 sorores.
1062 4001 1145 4050 Mure
1153 4000 1252 4075 flevere
1265 4015 1359 4050 sorores
1373 3997 1441 4047 Dan.

394 4086 541 4158 Corymbru.
561 4087 637 4137 Hanc
653 4085 794 4138 lectionem
812 4087 893 4156 Regg.
940 4083 1027 4131 Peter.
1044 4077 1146 4130 Behott.
1164 4095 1186 4144 t,
1202 4095 1231 4142 π,
1245 4079 1327 4148 Lang.
1343 4073 1442 4126 llus-lid.

392 4167 453 4218 Bet
468 4163 490 4216 C
505 4161 639 4216 exhibent.
659 4165 704 4215 En.
726 4193 761 4204 υ-
782 4164 894 4216 Danaos.
940 4173 966 4210 et
976 4157 1036 4211 edd.
1050 4171 1111 4210 vett.
1124 4159 1240 4228 innuptus
1240 4158 1444 4232 fleveresotorrr

392 4245 510 4314 Argivos.
940 4240 1001 4290 [lxo.
1026 4237 1116 4298 Falrri5
1138 4248 1217 4288 mutoe
1230 4235 1329 4311 flevere
1348 4251 1444 4286 sorores
