3196 5158
551 553 694 616 LIBER
718 553 800 616 Vll.

198 683 443 776 Concussitque
455 697 573 774 caput;
587 697 682 748 motu
694 704 762 776 quo
774 679 864 749 celsa
875 681 1030 751 laborant

199 791 329 874 Sidera,
340 791 596 887 proclamatque
608 791 694 860 adici
706 791 891 862 cervicibus
899 793 1006 862 Atlas.

199 907 298 971 Tune
309 906 356 972 ita
366 903 518 974 velocem
527 909 654 998 Tegees
667 903 792 972 affatur
802 903 997 974 alumnum:
1186 919 1201 969 5

251 1045 265 1074 ι
278 1018 312 1096 Ι,
322 1013 475 1082 medium
487 1013 607 1110 rapido
617 1019 746 1083 Borean
757 1013 894 1104 illabere
906 1013 993 1084 saltu

200 1125 365 1192 Bistonias
377 1147 481 1219 super
492 1149 601 1221 usque
613 1124 748 1209 domos,
762 1149 929 1220 axemque
940 1128 1050 1194 nivosi

200 1234 324 1304 Sideris
336 1261 345 1318 ;
357 1239 493 1306 Oceano
503 1239 644 1306 vetitum
656 1260 723 1332 qua
734 1235 906 1306 Parrhasis
918 1241 1032 1330 ignem

202 1344 356 1414 Nubibus
367 1346 530 1441 hybernis
542 1361 577 1416 et
587 1363 704 1416 nostro
715 1349 864 1441 pascitur
875 1346 985 1416 imbri.

201 1463 311 1552 Atque
322 1458 370 1526 ibi
382 1483 442 1528 seu
454 1461 564 1553 posita
575 1461 719 1554 respirat
730 1460 870 1552 cuspide
881 1462 1032 1540 Mavors,
1172 1491 1202 1525 ιο

188 1643 216 1696 3.
237 1645 418 1722 Coucmsitque
430 1659 521 1720 caput,
536 1662 587 1702 etc.
599 1651 658 1703 vir-
702 1650 840 1724 reamque)
850 1648 966 1703 illabere.
979 1647 1069 1702 Codex
1079 1645 1205 1699 Baalidia·

150 1721 198 1794 qil.
214 1725 318 1778 AEneid.
333 1729 374 1796 X,
389 1727 452 1784 115:
468 1742 575 1784 «totum
588 1745 657 1784 nutu
701 1747 767 1796 nus,
780 1729 889 1802 duoque
904 1729 1011 1800 optimi:
1027 1728 1150 1778 «Borean
1162 1725 1204 1776 in-

152 1805 302 1856 tremeiecit
319 1806 494 1880 Olympum·
514 1811 581 1864 Vide
599 1829 658 1882 quse
703 1807 796 1861 labere.
811 1808 903 1861 Ceteri
917 1823 1025 1880 quoquo
1035 1805 1092 1858 fere
1104 1805 1205 1857 Borean

151 1881 280 1937 adhunc
300 1885 388 1939 locum
405 1888 438 1941 de
457 1903 562 1942 tumore
581 1891 658 1962 Papi·
703 1887 816 1942 illabere.
835 1889 893 1940 Nee
911 1887 1007 1938 mutari
1024 1884 1076 1937 hoc
1094 1884 1205 1938 verbum

152 1963 237 2016 niarw
248 1963 390 2031 dicuntur;
401 1983 472 2022 nost.
484 1969 525 2022 ed.
539 1983 603 2023 tom.
614 1969 658 2038 IV,
701 1963 838 2040 patiturcl
847 1965 970 2018 medium.
981 1965 1050 2016 Bene
1061 1966 1168 2036 penitus
1178 1965 1212 2036 in,

151 2060 215 2112 1³³&
231 2043 452 2100 recentarium
461 2047 559 2102 Catull.
569 2049 656 2102 Carm.
701 2048 930 2120 septemtrionem.
949 2045 1067 2098 Gronov.

154 2121 248 2191 Llilll,
264 2127 317 2194 204
328 2139 355 2178 et
367 2125 426 2181 205.
444 2130 491 2182 Bo.
738 2146 763 2198 7.
781 2126 911 2180 Bistonias
923 2143 999 2198 super
1013 2143 1093 2198 cuque
1107 2124 1205 2178 domae.

190 2201 462 2282 lProclamatquea.
470 2227 493 2262 e.
501 2208 584 2262 Alcas.
592 2209 655 2279 Bag.
701 2209 764 2280 Bag.
775 2210 808 2274 B,
820 2205 949 2260 Bistonias
955 2223 1023 2278 puer
1029 2223 1109 2278 usque
1118 2203 1208 2258 mas

153 2281 187 2346 B,
200 2281 317 2338 Athlans
329 2286 444 2341 exhibet.
457 2288 591 2340 -Adici
605 2291 657 2341 Pro
701 2285 795 2349 heheu
814 2287 877 2356 Reg.
897 2283 934 2349 C,
946 2295 1014 2336 nost.
1031 2281 1092 2335 leet.
1107 2283 1153 2334 En.
1169 2311 1207 2322 —

152 2358 249 2430 adjici:
262 2379 289 2416 et
302 2365 414 2438 supple,
427 2368 534 2439 pondus
549 2367 658 2439 aliquod
701 2368 838 2422 Bistonias.
859 2365 999 2432 Thraciae,
1019 2382 1036 2416 a
1054 2363 1206 2416 bistouibus

152 2457 272 2509 nomm,
283 2457 310 2497 et
321 2446 372 2498 sihi
383 2446 557 2502 intolerabile.
566 2447 658 2500 Plures
701 2448 819 2502 Thracia·
832 2444 949 2518 populis.

152 2521 287 2588 ejusmodi
302 2525 421 2580 deiectus
437 2539 499 2580 eunt
514 2528 542 2580 iu
558 2527 658 2592 Statio,
738 2527 763 2580 8.
786 2528 889 2580 Oceano
903 2525 1009 2578 vetitm
1023 2541 1075 2597 qua
1089 2521 1208 2576 Parrba-

153 2603 201 2670 qui
221 2602 412 2660 obscuritatem
433 2604 600 2659 induxerunt.
622 2635 658 2646 -
701 2606 734 2660 eis
747 2608 842 2681 iquem.
857 2605 921 2676 neg.
937 2607 971 2669 Β,
986 2603 1122 2656 Phanotis
1135 2599 1207 2654 exhi·

151 2679 238 2733 Atlas.
254 2681 328 2737 Atlas
343 2685 435 2738 caelum
449 2687 516 2739 ferre
533 2685 656 2739 creditus.
702 2683 1205 2758 bet3ch.C,Pcrrasis.En.-0eeauo

151 2759 223 2812 Vide
233 2759 320 2815 Theb.
335 2767 361 2832 1,
374 2781 409 2836 99
423 2777 449 2818 et
463 2777 555 2817 notata
569 2763 603 2815 ad
618 2782 656 2818 vs·
702 2768 818 2818 uetitum.
835 2762 949 2836 Supple,
964 2763 1054 2832 mergi.
1067 2760 1134 2812 Vide
1149 2778 1207 2832 qua

157 2837 658 2895 rscoeaii‘rauriniv0oronana1’re-
702 2845 814 2898 diximus
823 2844 858 2897 ad
865 2843 951 2898 Theb.
961 2844 1010 2910 111,
1022 2841 1088 2908 684,
1101 2837 1169 2906 685,
1180 2852 1208 2892 et

153 2923 281 2982 uestium
301 2922 375 2974 Poet.
394 2923 481 2976 Latin.
500 2921 566 2973 Min.
588 2933 657 2974 nost.
701 2927 822 2997 inprimis
831 2927 976 2979 Excursum
986 2922 1020 2974 ad
1030 2920 1130 2974 calcem
1139 2923 1208 2991 ejus·

152 2992 218 3046 edit.
231 3008 297 3049 tom.
309 2997 358 3065 nl,
370 3018 431 3071 pag.
443 3001 504 3071 317.
523 3001 570 3052 En.
703 3004 764 3058 dem
783 3007 854 3058 tertii
870 3003 947 3071 libri,
965 2999 1121 3074 precedent.
1141 3014 1205 3054 tom.

191 3074 217 3130 6.
231 3077 327 3151 Teqees
336 3080 485 3134 alumnum.
497 3081 658 3135 Mercurium
702 3087 792 3158 pagio.
801 3083 918 3138 soson.
927 3081 1112 3134 -Parrhau'e
1123 3082 1206 3147 Ursa,

152 3155 295 3208 Arcadem.
307 3161 396 3230 Tegea
414 3162 484 3212 enim
499 3159 563 3212 urbs
577 3161 659 3212 Area·
703 3163 776 3218 eidus
788 3159 1017 3236 septemtrionale,
1029 3161 1056 3212 in
1067 3157 1140 3232 quod
1152 3178 1209 3211 mu·

153 3233 223 3302 dia,
247 3235 319 3290 bello
342 3238 479 3310 qnondam
499 3237 589 3306 clara,
612 3239 659 3293 ubi
703 3257 757 3297 tata
779 3243 885 3316 calysto
902 3243 1032 3314 Lycaonis
1053 3239 1126 3294 filias
1149 3257 1207 3311 qua
1269 3307 1273 3314 ἡ

154 3315 247 3368 Achai
266 3333 410 3371 conventus
429 3319 574 3390 aliquando
595 3338 659 3390 ege-
703 3323 837 3377 Parrhasis
850 3321 948 3375 dicitur
963 3339 979 3372 a
995 3316 1139 3371 Parrhasiis
1154 3335 1207 3388 po-

154 3410 233 3466 runt,
252 3417 335 3470 φιιιιιι
353 3399 477 3454 adversus
492 3399 659 3454 Lacedamo-
703 3401 774 3474 pulis
788 3413 814 3455 et
829 3398 929 3472 oppido
944 3397 1071 3451 Arcadia.

153 3480 214 3528 aios
226 3477 327 3530 bellum
337 3492 466 3550 gererent.
477 3479 548 3552 vag.
561 3483 659 3552 Georg.
740 3500 766 3552 9.
795 3481 913 3535 Nubibus
937 3477 1058 3549 hybemis
1077 3486 1103 3527 ct
1122 3485 1207 3528 neam

154 3557 183 3620 l,
198 3557 245 3611 18:
262 3581 274 3605 ι
283 3558 376 3625 Adsis,
387 3579 403 3612 a
412 3561 522 3632 Tegeaee
533 3561 656 3614 larena·
702 3559 818 3631 parcitur
824 3559 914 3621 imbri,·
922 3553 1083 3612 scil.calesti
1090 3551 1209 3624 liquore,

155 3633 226 3686 flod.
250 3636 354 3690 Mollia
377 3635 420 3690 vel
444 3638 661 3712 Palas-Tripo-
705 3658 760 3691 non
770 3639 888 3704 marino,
901 3650 931 3688 at
944 3648 1035 3688 catera
1050 3631 1152 3696 sidera,
1167 3647 1208 3682 se-

157 3710 231 3765 lisze.
250 3715 299 3767 En.
705 3717 823 3771 eundum
850 3718 1004 3788 opinionem
1029 3707 1208 3786 quorumdam

190 3791 217 3843 6.
236 3793 357 3846 Medicari
372 3796 464 3868 rapido
480 3797 583 3850 Borean
597 3795 661 3849 illa·
704 3796 947 3870 Philosophorum,
970 3795 1017 3865 qui
1038 3789 1209 3844 affirmabant

160 3869 215 3921 bere
227 3869 307 3924 salua.
324 3872 406 3944 lang.
425 3886 451 3926 et
466 3873 590 3926 nonnulli
606 3876 660 3927 Bo·
706 3875 789 3929 solem
796 3895 827 3928 ac
836 3875 923 3928 sidera
933 3875 1008 3946 aquis
1015 3872 1116 3925 Oceani
1125 3869 1207 3940 pasci.

160 3943 278 4024 rectaque
288 3951 390 4006 elabere
398 3953 560 4015 saltcr,·Dan.
570 3956 659 4007 Petav.
745 3973 784 4008 ro.
803 3955 889 4027 Atque
905 3953 941 4006 ibi
953 3971 997 4004 seu
1011 3950 1106 4023 posita.
1123 3947 1209 4017 Atque

159 4029 298 4100 bernardi,
324 4032 408 4084 Plant.
433 4032 611 4105 Lindenbrog.
636 4045 662 4085 et
705 4035 750 4087 ubi
760 4052 851 4104 margo
867 4031 909 4085 ed.
926 4029 1013 4083 Barth.
1030 4023 1207 4081 aldecolin.

158 4109 266 4162 dmrtel.
280 4112 445 4182 Boreamquc
460 4111 566 4165 illabere
582 4111 659 4164 saltu.
706 4111 952 4184 etBasil.-Atque
960 4111 1005 4162 ubi
1011 4108 1135 4180 seposita.
1144 4105 1209 4154 l'au-

158 4185 280 4240 Nasuam
301 4189 445 4242 lectionem
466 4187 572 4243 exhibet
592 4190 662 4259 opti·
705 4185 1211 4262 xiltamenda,quamalisnamavoeta

159 4285 214 4321 nas
226 4259 399 4326 Bmhiauus.
418 4301 455 4312 —
472 4270 574 4323 Borean
591 4269 661 4339 (Bo-
706 4282 794 4323 mente
808 4268 967 4322 sententiam
980 4263 1077 4318 efficit!
1092 4259 1154 4314 libri
1164 4277 1210 4314 ca·
