<?xml version="1.0" encoding="UTF-8"?>
<!DOCTYPE html PUBLIC "-//W3C//DTD XHTML 1.0 Transitional//EN"
    "http://www.w3.org/TR/xhtml1/DTD/xhtml1-transitional.dtd">
<html xmlns="http://www.w3.org/1999/xhtml" xml:lang="en" lang="en">
 <head>
  <title>
</title>
<meta http-equiv="Content-Type" content="text/html;charset=utf-8" />
  <meta name='ocr-system' content='tesseract 3.04.00' />
  <meta name='ocr-capabilities' content='ocr_page ocr_carea ocr_par ocr_line ocrx_word'/>
</head>
<body>
  <div class='ocr_page' id='page_1' title='image "./libriquinquesil00statgoog_0474.png"; bbox 0 0 3256 5160; ppageno 0'>
   <div class='ocr_carea' id='block_1_1' title="bbox 569 579 1218 676">
    <p class='ocr_par' dir='ltr' id='par_1_1' title="bbox 569 579 1218 676">
     <span class='ocr_line' id='line_1_1' title="bbox 569 579 1218 676; baseline 0.012 -33"><span class='ocrx_word' id='word_1_1' title='bbox 569 579 711 644; x_wconf 80' lang='lat' dir='ltr'>ntum</span> <span class='ocrx_word' id='word_1_2' title='bbox 735 581 817 647; x_wconf 87' lang='lat' dir='ltr'>xu.</span> <span class='ocrx_word' id='word_1_3' title='bbox 1155 586 1218 676; x_wconf 72' lang='lat'>4⁶7</span> 
     </span>
    </p>
   </div>
   <div class='ocr_carea' id='block_1_2' title="bbox 220 680 1227 1910">
    <p class='ocr_par' dir='ltr' id='par_1_2' title="bbox 220 680 1221 1355">
     <span class='ocr_line' id='line_1_2' title="bbox 220 680 1097 800; baseline 0.005 -27"><span class='ocrx_word' id='word_1_4' title='bbox 220 708 277 774; x_wconf 89' lang='lat' dir='ltr'>Lis</span> <span class='ocrx_word' id='word_1_5' title='bbox 289 707 476 797; x_wconf 83' lang='lat' dir='ltr'>Superum,</span> <span class='ocrx_word' id='word_1_6' title='bbox 489 702 599 772; x_wconf 86' lang='lat' dir='ltr'>dubiis</span> <span class='ocrx_word' id='word_1_7' title='bbox 612 685 820 774; x_wconf 75' lang='lat' dir='ltr'>donecdone</span> <span class='ocrx_word' id='word_1_8' title='bbox 832 680 1097 800; x_wconf 76' lang='lat' dir='ltr'>surgereterbor</span> 
     </span>
     <span class='ocr_line' id='line_1_3' title="bbox 220 814 1149 911; baseline 0.006 -27"><span class='ocrx_word' id='word_1_9' title='bbox 220 815 392 908; x_wconf 87' lang='lat' dir='ltr'>Rupibus,</span> <span class='ocrx_word' id='word_1_10' title='bbox 405 832 439 883; x_wconf 89' lang='lat' dir='ltr'>et</span> <span class='ocrx_word' id='word_1_11' title='bbox 449 814 551 908; x_wconf 76' lang='lat' dir='ltr'>longa</span> <span class='ocrx_word' id='word_1_12' title='bbox 562 815 719 908; x_wconf 77' lang='lat' dir='ltr'>refugum</span> <span class='ocrx_word' id='word_1_13' title='bbox 732 841 826 886; x_wconf 81' lang='lat' dir='ltr'>mere</span> <span class='ocrx_word' id='word_1_14' title='bbox 838 817 1007 911; x_wconf 79' lang='lat' dir='ltr'>frangeret</span> <span class='ocrx_word' id='word_1_15' title='bbox 1017 818 1149 890; x_wconf 85' lang='lat' dir='ltr'>umbre.</span> 
     </span>
     <span class='ocr_line' id='line_1_4' title="bbox 221 907 1221 998; baseline 0.002 -3"><span class='ocrx_word' id='word_1_16' title='bbox 221 933 308 996; x_wconf 89' lang='lat' dir='ltr'>Isset</span> <span class='ocrx_word' id='word_1_17' title='bbox 323 944 355 994; x_wconf 91' lang='lat' dir='ltr'>et</span> <span class='ocrx_word' id='word_1_18' title='bbox 371 931 508 994; x_wconf 83' lang='lat' dir='ltr'>Arctoas</span> <span class='ocrx_word' id='word_1_19' title='bbox 522 907 669 996; x_wconf 81' lang='lat' dir='ltr'>Cadmea</span> <span class='ocrx_word' id='word_1_20' title='bbox 682 927 726 996; x_wconf 85' lang='lat' dir='ltr'>ed</span> <span class='ocrx_word' id='word_1_21' title='bbox 739 929 863 996; x_wconf 84' lang='lat' dir='ltr'>moenie</span> <span class='ocrx_word' id='word_1_22' title='bbox 876 926 1004 996; x_wconf 82' lang='lat' dir='ltr'>ducens</span> <span class='ocrx_word' id='word_1_23' title='bbox 1168 943 1221 998; x_wconf 80' lang='lat'>635</span> 
     </span>
     <span class='ocr_line' id='line_1_5' title="bbox 223 1034 1069 1131; baseline 0.004 -26"><span class='ocrx_word' id='word_1_24' title='bbox 223 1036 406 1130; x_wconf 79' lang='lat' dir='ltr'><strong>Hippolyte</strong></span> <span class='ocrx_word' id='word_1_25' title='bbox 419 1054 566 1105; x_wconf 85' lang='lat' dir='ltr'>turmas:</span> <span class='ocrx_word' id='word_1_26' title='bbox 583 1039 706 1106; x_wconf 87' lang='lat' dir='ltr'>retinet</span> <span class='ocrx_word' id='word_1_27' title='bbox 716 1034 787 1131; x_wconf 83' lang='lat' dir='ltr'>jam</span> <span class='ocrx_word' id='word_1_28' title='bbox 802 1056 894 1106; x_wconf 87' lang='lat' dir='ltr'>certa</span> <span class='ocrx_word' id='word_1_29' title='bbox 908 1044 1069 1108; x_wconf 89' lang='lat' dir='ltr'>tumentis</span> 
     </span>
     <span class='ocr_line' id='line_1_6' title="bbox 222 1142 1027 1243; baseline 0 -24"><span class='ocrx_word' id='word_1_30' title='bbox 222 1153 302 1242; x_wconf 88' lang='lat' dir='ltr'>Spes</span> <span class='ocrx_word' id='word_1_31' title='bbox 315 1151 419 1232; x_wconf 86' lang='lat' dir='ltr'>uteri,</span> <span class='ocrx_word' id='word_1_32' title='bbox 435 1142 628 1243; x_wconf 86' lang='lat' dir='ltr'>conjuxque</span> <span class='ocrx_word' id='word_1_33' title='bbox 641 1165 738 1243; x_wconf 75' lang='lat' dir='ltr'>rogat</span> <span class='ocrx_word' id='word_1_34' title='bbox 748 1148 915 1219; x_wconf 83' lang='lat' dir='ltr'>dimittere</span> <span class='ocrx_word' id='word_1_35' title='bbox 928 1172 1027 1219; x_wconf 83' lang='lat' dir='ltr'>cures</span> 
     </span>
     <span class='ocr_line' id='line_1_7' title="bbox 221 1258 1081 1355; baseline 0.003 -27"><span class='ocrx_word' id='word_1_36' title='bbox 221 1263 341 1328; x_wconf 85' lang='lat' dir='ltr'>Martis</span> <span class='ocrx_word' id='word_1_37' title='bbox 352 1311 361 1342; x_wconf 84' lang='lat'>‚</span> <span class='ocrx_word' id='word_1_38' title='bbox 374 1276 408 1327; x_wconf 90' lang='lat' dir='ltr'>et</span> <span class='ocrx_word' id='word_1_39' title='bbox 420 1262 575 1328; x_wconf 87' lang='lat' dir='ltr'>emeritas</span> <span class='ocrx_word' id='word_1_40' title='bbox 587 1258 737 1328; x_wconf 80' lang='lat' dir='ltr'><strong>thalamo</strong></span> <span class='ocrx_word' id='word_1_41' title='bbox 751 1285 884 1330; x_wconf 82' lang='lat' dir='ltr'>sacrare</span> <span class='ocrx_word' id='word_1_42' title='bbox 896 1263 1081 1355; x_wconf 80' lang='lat' dir='ltr'>pharetras.</span> 
     </span>
    </p>

    <p class='ocr_par' dir='ltr' id='par_1_3' title="bbox 222 1368 1227 1910">
     <span class='ocr_line' id='line_1_8' title="bbox 269 1368 1043 1466; baseline 0.005 -28"><span class='ocrx_word' id='word_1_43' title='bbox 269 1375 340 1438; x_wconf 92' lang='lat' dir='ltr'>Hos</span> <span class='ocrx_word' id='word_1_44' title='bbox 353 1368 411 1438; x_wconf 91' lang='lat' dir='ltr'>uhi</span> <span class='ocrx_word' id='word_1_45' title='bbox 426 1369 511 1438; x_wconf 88' lang='lat' dir='ltr'>velle</span> <span class='ocrx_word' id='word_1_46' title='bbox 525 1372 630 1453; x_wconf 81' lang='lat' dir='ltr'>ecies,</span> <span class='ocrx_word' id='word_1_47' title='bbox 649 1389 683 1439; x_wconf 92' lang='grc' dir='ltr'>ει</span> <span class='ocrx_word' id='word_1_48' title='bbox 695 1370 785 1440; x_wconf 89' lang='lat' dir='ltr'>dulci</span> <span class='ocrx_word' id='word_1_49' title='bbox 798 1371 938 1466; x_wconf 78' lang='lat' dir='ltr'>gliscere</span> <span class='ocrx_word' id='word_1_50' title='bbox 955 1373 1043 1442; x_wconf 85' lang='lat' dir='ltr'>ferro</span> 
     </span>
     <span class='ocr_line' id='line_1_9' title="bbox 222 1479 1227 1575; baseline 0.004 -26"><span class='ocrx_word' id='word_1_51' title='bbox 222 1487 298 1549; x_wconf 88' lang='lat' dir='ltr'>Dux</span> <span class='ocrx_word' id='word_1_52' title='bbox 310 1479 418 1563; x_wconf 85' lang='lat' dir='ltr'>videt,</span> <span class='ocrx_word' id='word_1_53' title='bbox 433 1497 539 1575; x_wconf 88' lang='lat' dir='ltr'>utque</span> <span class='ocrx_word' id='word_1_54' title='bbox 551 1484 616 1574; x_wconf 89' lang='lat' dir='ltr'>piis</span> <span class='ocrx_word' id='word_1_55' title='bbox 628 1487 752 1575; x_wconf 82' lang='lat' dir='ltr'>raptim</span> <span class='ocrx_word' id='word_1_56' title='bbox 764 1483 845 1551; x_wconf 89' lang='lat' dir='ltr'>dent</span> <span class='ocrx_word' id='word_1_57' title='bbox 854 1483 970 1556; x_wconf 88' lang='lat' dir='ltr'>oscula</span> <span class='ocrx_word' id='word_1_58' title='bbox 981 1489 1069 1553; x_wconf 88' lang='lat' dir='ltr'>natis</span> <span class='ocrx_word' id='word_1_59' title='bbox 1174 1499 1227 1567; x_wconf 70' lang='lat'>640</span> 
     </span>
     <span class='ocr_line' id='line_1_10' title="bbox 222 1592 1123 1687; baseline 0.003 -29"><span class='ocrx_word' id='word_1_60' title='bbox 222 1592 1051 1687; x_wconf 82' lang='lat' dir='ltr'>Amplexusquebreves‚ourrusiofaturebelto:</span> <span class='ocrx_word' id='word_1_61' title='bbox 1119 1627 1123 1634; x_wconf 94' lang='lat'><em>·</em></span> 
     </span>
     <span class='ocr_line' id='line_1_11' title="bbox 228 1704 997 1798; baseline 0.004 -27"><span class='ocrx_word' id='word_1_62' title='bbox 228 1709 432 1772; x_wconf 71' lang='lat' dir='ltr'>uTerrerum</span> <span class='ocrx_word' id='word_1_63' title='bbox 446 1704 536 1798; x_wconf 77' lang='lat' dir='ltr'>leges</span> <span class='ocrx_word' id='word_1_64' title='bbox 549 1721 583 1772; x_wconf 91' lang='lat' dir='ltr'>et</span> <span class='ocrx_word' id='word_1_65' title='bbox 593 1705 713 1774; x_wconf 91' lang='lat' dir='ltr'>mundi</span> <span class='ocrx_word' id='word_1_66' title='bbox 725 1706 851 1776; x_wconf 79' lang='lat' dir='ltr'>foedera</span> <span class='ocrx_word' id='word_1_67' title='bbox 862 1731 997 1774; x_wconf 87' lang='lat' dir='ltr'>mecum</span> 
     </span>
     <span class='ocr_line' id='line_1_12' title="bbox 225 1816 1012 1910; baseline 0.005 -27"><span class='ocrx_word' id='word_1_68' title='bbox 225 1816 414 1886; x_wconf 86' lang='lat' dir='ltr'>Defensure</span> <span class='ocrx_word' id='word_1_69' title='bbox 425 1841 565 1901; x_wconf 84' lang='lat' dir='ltr'>manus,</span> <span class='ocrx_word' id='word_1_70' title='bbox 577 1817 695 1910; x_wconf 75' lang='lat' dir='ltr'>dignes</span> <span class='ocrx_word' id='word_1_71' title='bbox 710 1821 869 1887; x_wconf 88' lang='lat' dir='ltr'>insumite</span> <span class='ocrx_word' id='word_1_72' title='bbox 881 1836 1012 1894; x_wconf 84' lang='lat' dir='ltr'>mentes</span> 
     </span>
    </p>
   </div>
   <div class='ocr_carea' id='block_1_3' title="bbox 148 1987 1231 4371">
    <p class='ocr_par' dir='ltr' id='par_1_4' title="bbox 176 1987 1230 2219">
     <span class='ocr_line' id='line_1_13' title="bbox 176 1987 1230 2065; baseline 0.006 -23"><span class='ocrx_word' id='word_1_73' title='bbox 176 1987 330 2061; x_wconf 80' lang='lat' dir='ltr'>pellendam</span> <span class='ocrx_word' id='word_1_74' title='bbox 346 1988 445 2041; x_wconf 86' lang='lat' dir='ltr'>vellent</span> <span class='ocrx_word' id='word_1_75' title='bbox 463 1987 615 2042; x_wconf 84' lang='lat' dir='ltr'>decernere.</span> <span class='ocrx_word' id='word_1_76' title='bbox 632 1990 682 2042; x_wconf 89' lang='lat' dir='ltr'>Ce-</span> <span class='ocrx_word' id='word_1_77' title='bbox 726 2010 785 2042; x_wconf 86' lang='lat' dir='ltr'>vem</span> <span class='ocrx_word' id='word_1_78' title='bbox 792 2010 854 2043; x_wconf 86' lang='lat' dir='ltr'>vero</span> <span class='ocrx_word' id='word_1_79' title='bbox 862 1991 1005 2062; x_wconf 85' lang='lat' dir='ltr'>protulisse</span> <span class='ocrx_word' id='word_1_80' title='bbox 1013 1990 1118 2056; x_wconf 79' lang='lat' dir='ltr'>olivam,</span> <span class='ocrx_word' id='word_1_81' title='bbox 1127 1994 1230 2065; x_wconf 75' lang='lat' dir='ltr'>insigne</span> 
     </span>
     <span class='ocr_line' id='line_1_14' title="bbox 177 2068 1229 2144; baseline 0.006 -23"><span class='ocrx_word' id='word_1_82' title='bbox 177 2085 278 2140; x_wconf 81' lang='lat' dir='ltr'>omps,</span> <span class='ocrx_word' id='word_1_83' title='bbox 305 2068 358 2120; x_wconf 88' lang='lat' dir='ltr'>hoe</span> <span class='ocrx_word' id='word_1_84' title='bbox 387 2081 499 2140; x_wconf 84' lang='lat' dir='ltr'>accepto</span> <span class='ocrx_word' id='word_1_85' title='bbox 528 2087 681 2142; x_wconf 85' lang='lat' dir='ltr'>responso,</span> <span class='ocrx_word' id='word_1_86' title='bbox 726 2073 814 2140; x_wconf 79' lang='lat' dir='ltr'>pacis,</span> <span class='ocrx_word' id='word_1_87' title='bbox 831 2073 1229 2144; x_wconf 71' lang='lat' dir='ltr'>sicquevieissezpacemenim</span> 
     </span>
     <span class='ocr_line' id='line_1_15' title="bbox 178 2148 1022 2219; baseline 0.005 -21"><span class='ocrx_word' id='word_1_88' title='bbox 178 2165 268 2202; x_wconf 88' lang='lat' dir='ltr'>omnes</span> <span class='ocrx_word' id='word_1_89' title='bbox 283 2149 370 2212; x_wconf 78' lang='lat' dir='ltr'>cives,</span> <span class='ocrx_word' id='word_1_90' title='bbox 382 2158 437 2197; x_wconf 82' lang='lat' dir='ltr'>tam</span> <span class='ocrx_word' id='word_1_91' title='bbox 448 2148 520 2198; x_wconf 74' lang='lat' dir='ltr'>uiros</span> <span class='ocrx_word' id='word_1_92' title='bbox 532 2164 611 2219; x_wconf 82' lang='lat' dir='ltr'>qnam</span> <span class='ocrx_word' id='word_1_93' title='bbox 625 2167 682 2198; x_wconf 89' lang='lat' dir='ltr'>mu·</span> <span class='ocrx_word' id='word_1_94' title='bbox 726 2167 782 2201; x_wconf 87' lang='lat' dir='ltr'>esse</span> <span class='ocrx_word' id='word_1_95' title='bbox 794 2149 866 2202; x_wconf 87' lang='lat' dir='ltr'>hello</span> <span class='ocrx_word' id='word_1_96' title='bbox 879 2150 1022 2202; x_wconf 87' lang='lat' dir='ltr'>meliorem.</span> 
     </span>
    </p>

    <p class='ocr_par' dir='ltr' id='par_1_5' title="bbox 148 2224 1231 3565">
     <span class='ocr_line' id='line_1_16' title="bbox 176 2224 1231 2302; baseline 0.005 -24"><span class='ocrx_word' id='word_1_97' title='bbox 176 2226 263 2295; x_wconf 85' lang='lat' dir='ltr'>lieres,</span> <span class='ocrx_word' id='word_1_98' title='bbox 274 2240 337 2279; x_wconf 87' lang='lat' dir='ltr'>tuuc</span> <span class='ocrx_word' id='word_1_99' title='bbox 345 2229 415 2279; x_wconf 88' lang='lat' dir='ltr'>enim</span> <span class='ocrx_word' id='word_1_100' title='bbox 422 2226 550 2296; x_wconf 87' lang='lat' dir='ltr'>temporis</span> <span class='ocrx_word' id='word_1_101' title='bbox 559 2224 682 2279; x_wconf 83' lang='lat' dir='ltr'>mulieres</span> <span class='ocrx_word' id='word_1_102' title='bbox 762 2229 823 2296; x_wconf 70' lang='lat'>634.</span> <span class='ocrx_word' id='word_1_103' title='bbox 832 2230 954 2302; x_wconf 77' lang='lat' dir='ltr'>Rupibus.</span> <span class='ocrx_word' id='word_1_104' title='bbox 965 2227 1179 2299; x_wconf 75' lang='lat' dir='ltr'>Magnitudinem</span> <span class='ocrx_word' id='word_1_105' title='bbox 1188 2249 1231 2283; x_wconf 81' lang='lat' dir='ltr'>er·</span> 
     </span>
     <span class='ocr_line' id='line_1_17' title="bbox 176 2299 1231 2382; baseline 0.004 -22"><span class='ocrx_word' id='word_1_106' title='bbox 176 2309 290 2380; x_wconf 85' lang='lat' dir='ltr'>puhlicis</span> <span class='ocrx_word' id='word_1_107' title='bbox 319 2307 434 2361; x_wconf 87' lang='lat' dir='ltr'>consiliis</span> <span class='ocrx_word' id='word_1_108' title='bbox 460 2310 618 2372; x_wconf 81' lang='lat' dir='ltr'>intererant,</span> <span class='ocrx_word' id='word_1_109' title='bbox 647 2308 681 2360; x_wconf 84' lang='lat' dir='ltr'>ed</span> <span class='ocrx_word' id='word_1_110' title='bbox 726 2299 1231 2382; x_wconf 75' lang='lat' dir='ltr'>borisostenditexumhrieaequulitete,</span> 
     </span>
     <span class='ocr_line' id='line_1_18' title="bbox 176 2387 1230 2462; baseline 0.001 -20"><span class='ocrx_word' id='word_1_111' title='bbox 176 2388 318 2442; x_wconf 76' lang='lat' dir='ltr'>ferendum</span> <span class='ocrx_word' id='word_1_112' title='bbox 341 2388 392 2440; x_wconf 83' lang='lat' dir='ltr'>hae</span> <span class='ocrx_word' id='word_1_113' title='bbox 415 2387 448 2439; x_wconf 90' lang='lat' dir='ltr'>de</span> <span class='ocrx_word' id='word_1_114' title='bbox 473 2407 501 2440; x_wconf 90' lang='lat' dir='ltr'>re</span> <span class='ocrx_word' id='word_1_115' title='bbox 523 2389 682 2460; x_wconf 78' lang='lat' dir='ltr'>suffragium</span> <span class='ocrx_word' id='word_1_116' title='bbox 727 2388 1129 2462; x_wconf 75' lang='lat' dir='ltr'>queohseurat.-&#39;Franperet.</span> <span class='ocrx_word' id='word_1_117' title='bbox 1144 2390 1230 2443; x_wconf 88' lang='lat' dir='ltr'>lnsul·</span> 
     </span>
     <span class='ocr_line' id='line_1_19' title="bbox 177 2467 1170 2538; baseline 0.001 -18"><span class='ocrx_word' id='word_1_118' title='bbox 177 2481 316 2520; x_wconf 80' lang='lat' dir='ltr'>convocet.</span> <span class='ocrx_word' id='word_1_119' title='bbox 331 2471 459 2520; x_wconf 84' lang='lat' dir='ltr'>Viceruut</span> <span class='ocrx_word' id='word_1_120' title='bbox 473 2467 608 2532; x_wconf 79' lang='lat' dir='ltr'>mulieres,</span> <span class='ocrx_word' id='word_1_121' title='bbox 624 2485 681 2538; x_wconf 83' lang='lat' dir='ltr'>quae</span> <span class='ocrx_word' id='word_1_122' title='bbox 725 2479 793 2519; x_wconf 82' lang='lat' dir='ltr'>taret</span> <span class='ocrx_word' id='word_1_123' title='bbox 803 2470 874 2519; x_wconf 82' lang='lat' dir='ltr'>victo</span> <span class='ocrx_word' id='word_1_124' title='bbox 886 2470 1022 2538; x_wconf 83' lang='lat' dir='ltr'>Neptuno.</span> <span class='ocrx_word' id='word_1_125' title='bbox 1041 2468 1170 2521; x_wconf 67' lang='lat' dir='ltr'>latemur.</span> 
     </span>
     <span class='ocr_line' id='line_1_20' title="bbox 177 2545 1228 2619; baseline 0.003 -20"><span class='ocrx_word' id='word_1_126' title='bbox 177 2566 231 2599; x_wconf 89' lang='lat' dir='ltr'>une</span> <span class='ocrx_word' id='word_1_127' title='bbox 248 2547 337 2619; x_wconf 87' lang='lat' dir='ltr'>plures</span> <span class='ocrx_word' id='word_1_128' title='bbox 355 2561 438 2599; x_wconf 85' lang='lat' dir='ltr'>erant.</span> <span class='ocrx_word' id='word_1_129' title='bbox 456 2545 610 2616; x_wconf 78' lang='lat' dir='ltr'>indignatus</span> <span class='ocrx_word' id='word_1_130' title='bbox 629 2547 681 2597; x_wconf 89' lang='lat' dir='ltr'>Ne·</span> <span class='ocrx_word' id='word_1_131' title='bbox 762 2547 823 2600; x_wconf 86' lang='lat'>635.</span> <span class='ocrx_word' id='word_1_132' title='bbox 847 2548 964 2600; x_wconf 79' lang='lat' dir='ltr'>Arctoas.</span> <span class='ocrx_word' id='word_1_133' title='bbox 986 2546 1228 2616; x_wconf 75' lang='lat' dir='ltr'>septemtrionales.</span> 
     </span>
     <span class='ocr_line' id='line_1_21' title="bbox 177 2624 1177 2697; baseline -0.004 -20"><span class='ocrx_word' id='word_1_134' title='bbox 177 2639 277 2697; x_wconf 85' lang='lat' dir='ltr'>ptunus</span> <span class='ocrx_word' id='word_1_135' title='bbox 285 2638 368 2676; x_wconf 79' lang='lat' dir='ltr'>totam</span> <span class='ocrx_word' id='word_1_136' title='bbox 377 2624 681 2676; x_wconf 80' lang='lat' dir='ltr'>Atheniensiumterrem</span> <span class='ocrx_word' id='word_1_137' title='bbox 724 2655 761 2666; x_wconf 88' lang='lat'>-</span> <span class='ocrx_word' id='word_1_138' title='bbox 772 2627 883 2679; x_wconf 75' lang='lat' dir='ltr'>Cadmea</span> <span class='ocrx_word' id='word_1_139' title='bbox 898 2626 933 2677; x_wconf 82' lang='lat' dir='ltr'>ad</span> <span class='ocrx_word' id='word_1_140' title='bbox 944 2628 1050 2678; x_wconf 80' lang='lat' dir='ltr'>moenia.</span> <span class='ocrx_word' id='word_1_141' title='bbox 1063 2625 1177 2679; x_wconf 77' lang='lat' dir='ltr'>Thebas,</span> 
     </span>
     <span class='ocr_line' id='line_1_22' title="bbox 178 2701 1229 2775; baseline 0 -19"><span class='ocrx_word' id='word_1_142' title='bbox 178 2705 253 2775; x_wconf 85' lang='lat' dir='ltr'>aquis</span> <span class='ocrx_word' id='word_1_143' title='bbox 271 2706 350 2755; x_wconf 83' lang='lat' dir='ltr'>maris</span> <span class='ocrx_word' id='word_1_144' title='bbox 366 2705 506 2774; x_wconf 80' lang='lat' dir='ltr'>cooperit:</span> <span class='ocrx_word' id='word_1_145' title='bbox 523 2721 613 2754; x_wconf 85' lang='lat' dir='ltr'>verum</span> <span class='ocrx_word' id='word_1_146' title='bbox 631 2701 681 2755; x_wconf 82' lang='lat' dir='ltr'>has</span> <span class='ocrx_word' id='word_1_147' title='bbox 760 2707 822 2760; x_wconf 81' lang='lat'>638.</span> <span class='ocrx_word' id='word_1_148' title='bbox 833 2707 939 2770; x_wconf 84' lang='lat' dir='ltr'>Mortis,</span> <span class='ocrx_word' id='word_1_149' title='bbox 951 2708 1104 2759; x_wconf 78' lang='lat' dir='ltr'>etemerr&#39;tes</span> <span class='ocrx_word' id='word_1_150' title='bbox 1112 2707 1229 2760; x_wconf 81' lang='lat' dir='ltr'>thalamo</span> 
     </span>
     <span class='ocr_line' id='line_1_23' title="bbox 179 2783 1229 2858; baseline 0.004 -23"><span class='ocrx_word' id='word_1_151' title='bbox 179 2783 276 2854; x_wconf 89' lang='lat' dir='ltr'>repulit</span> <span class='ocrx_word' id='word_1_152' title='bbox 301 2786 429 2836; x_wconf 83' lang='lat' dir='ltr'>Minerva.</span> <span class='ocrx_word' id='word_1_153' title='bbox 459 2783 575 2834; x_wconf 86' lang='lat' dir='ltr'>lnnuens</span> <span class='ocrx_word' id='word_1_154' title='bbox 600 2783 681 2851; x_wconf 78' lang='lat' dir='ltr'>igitur</span> <span class='ocrx_word' id='word_1_155' title='bbox 725 2804 824 2840; x_wconf 80' lang='lat' dir='ltr'>sacrare</span> <span class='ocrx_word' id='word_1_156' title='bbox 836 2785 980 2858; x_wconf 82' lang='lat' dir='ltr'>pharetras.</span> <span class='ocrx_word' id='word_1_157' title='bbox 1000 2786 1111 2855; x_wconf 73' lang='lat' dir='ltr'>Optime</span> <span class='ocrx_word' id='word_1_158' title='bbox 1130 2785 1229 2838; x_wconf 80' lang='lat' dir='ltr'>Barthii</span> 
     </span>
     <span class='ocr_line' id='line_1_24' title="bbox 148 2861 1229 2933; baseline 0.003 -20"><span class='ocrx_word' id='word_1_159' title='bbox 148 2925 153 2932; x_wconf 27' lang='grc' dir='ltr'>ι</span> <span class='ocrx_word' id='word_1_160' title='bbox 178 2861 248 2914; x_wconf 79' lang='lat' dir='ltr'>hunc</span> <span class='ocrx_word' id='word_1_161' title='bbox 258 2861 382 2913; x_wconf 80' lang='lat' dir='ltr'>fabellam</span> <span class='ocrx_word' id='word_1_162' title='bbox 395 2864 518 2933; x_wconf 80' lang='lat' dir='ltr'>Papinius</span> <span class='ocrx_word' id='word_1_163' title='bbox 529 2861 593 2912; x_wconf 84' lang='lat' dir='ltr'>dixit</span> <span class='ocrx_word' id='word_1_164' title='bbox 599 2861 681 2932; x_wconf 79' lang='lat' dir='ltr'>fron·</span> <span class='ocrx_word' id='word_1_165' title='bbox 725 2865 898 2916; x_wconf 68' lang='lat' dir='ltr'>membranae:</span> <span class='ocrx_word' id='word_1_166' title='bbox 915 2875 941 2915; x_wconf 88' lang='grc' dir='ltr'>ει</span> <span class='ocrx_word' id='word_1_167' title='bbox 953 2862 1072 2914; x_wconf 84' lang='lat' dir='ltr'>emeritas</span> <span class='ocrx_word' id='word_1_168' title='bbox 1088 2862 1229 2926; x_wconf 82' lang='lat' dir='ltr'>thalamis,-</span> 
     </span>
     <span class='ocr_line' id='line_1_25' title="bbox 175 2940 1209 3014; baseline 0.004 -21"><span class='ocrx_word' id='word_1_169' title='bbox 175 2953 260 3014; x_wconf 73' lang='lat' dir='ltr'>qcret,</span> <span class='ocrx_word' id='word_1_170' title='bbox 280 2942 307 2994; x_wconf 92' lang='lat' dir='ltr'>id</span> <span class='ocrx_word' id='word_1_171' title='bbox 326 2954 384 3006; x_wconf 85' lang='lat' dir='ltr'>est,</span> <span class='ocrx_word' id='word_1_172' title='bbox 404 2943 538 3006; x_wconf 84' lang='lat' dir='ltr'>vinceret,</span> <span class='ocrx_word' id='word_1_173' title='bbox 559 2940 680 3013; x_wconf 75' lang='lat' dir='ltr'>resequm</span> <span class='ocrx_word' id='word_1_174' title='bbox 726 2943 782 2996; x_wconf 73' lang='lat' dir='ltr'>alite</span> <span class='ocrx_word' id='word_1_175' title='bbox 792 2944 925 3014; x_wconf 71' lang='lat' dir='ltr'>ejusdemr</span> <span class='ocrx_word' id='word_1_176' title='bbox 938 2956 964 2995; x_wconf 86' lang='lat' dir='ltr'>et</span> <span class='ocrx_word' id='word_1_177' title='bbox 975 2943 1092 2994; x_wconf 83' lang='lat' dir='ltr'>emeritas</span> <span class='ocrx_word' id='word_1_178' title='bbox 1105 2944 1132 2998; x_wconf 84' lang='lat' dir='ltr'><em>V</em></span> <span class='ocrx_word' id='word_1_179' title='bbox 1130 2946 1209 2997; x_wconf 78' lang='lat' dir='ltr'>sueri.</span> 
     </span>
     <span class='ocr_line' id='line_1_26' title="bbox 178 3023 1229 3092; baseline 0.003 -17"><span class='ocrx_word' id='word_1_180' title='bbox 178 3043 266 3090; x_wconf 82' lang='lat' dir='ltr'>mare,</span> <span class='ocrx_word' id='word_1_181' title='bbox 280 3024 308 3075; x_wconf 94' lang='lat' dir='ltr'>id</span> <span class='ocrx_word' id='word_1_182' title='bbox 325 3036 380 3087; x_wconf 81' lang='lat' dir='ltr'>est,</span> <span class='ocrx_word' id='word_1_183' title='bbox 397 3025 494 3074; x_wconf 87' lang='lat' dir='ltr'>victum</span> <span class='ocrx_word' id='word_1_184' title='bbox 509 3025 680 3092; x_wconf 79' lang='lat' dir='ltr'>Neptunum,</span> <span class='ocrx_word' id='word_1_185' title='bbox 760 3024 821 3092; x_wconf 82' lang='lat'>639.</span> <span class='ocrx_word' id='word_1_186' title='bbox 841 3024 905 3076; x_wconf 80' lang='lat' dir='ltr'>Hos.</span> <span class='ocrx_word' id='word_1_187' title='bbox 923 3023 1105 3076; x_wconf 82' lang='lat' dir='ltr'>Athenienses.</span> <span class='ocrx_word' id='word_1_188' title='bbox 1120 3053 1156 3065; x_wconf 90' lang='lat'><em>-</em></span> <span class='ocrx_word' id='word_1_189' title='bbox 1170 3025 1229 3078; x_wconf 88' lang='lat' dir='ltr'>Gli-</span> 
     </span>
     <span class='ocr_line' id='line_1_27' title="bbox 179 3103 1196 3178; baseline 0.001 -22"><span class='ocrx_word' id='word_1_190' title='bbox 179 3109 224 3178; x_wconf 93' lang='lat' dir='ltr'>qui</span> <span class='ocrx_word' id='word_1_191' title='bbox 235 3125 372 3176; x_wconf 88' lang='lat' dir='ltr'>emmpere</span> <span class='ocrx_word' id='word_1_192' title='bbox 381 3122 476 3176; x_wconf 82' lang='lat' dir='ltr'>aquam</span> <span class='ocrx_word' id='word_1_193' title='bbox 483 3106 611 3175; x_wconf 77' lang='lat' dir='ltr'>jusserat,</span> <span class='ocrx_word' id='word_1_194' title='bbox 621 3103 681 3154; x_wconf 85' lang='lat' dir='ltr'>lon·</span> <span class='ocrx_word' id='word_1_195' title='bbox 724 3123 798 3157; x_wconf 79' lang='lat' dir='ltr'>seere-</span> <span class='ocrx_word' id='word_1_196' title='bbox 809 3104 875 3154; x_wconf 88' lang='lat' dir='ltr'>Cum</span> <span class='ocrx_word' id='word_1_197' title='bbox 888 3104 978 3154; x_wconf 83' lang='lat' dir='ltr'>lurore</span> <span class='ocrx_word' id='word_1_198' title='bbox 990 3121 1098 3174; x_wconf 88' lang='lat' dir='ltr'>cupere.</span> <span class='ocrx_word' id='word_1_199' title='bbox 1118 3103 1196 3157; x_wconf 75' lang='lat' dir='ltr'>Lucu.</span> 
     </span>
     <span class='ocr_line' id='line_1_28' title="bbox 175 3180 1228 3258; baseline 0.002 -24"><span class='ocrx_word' id='word_1_200' title='bbox 175 3203 212 3258; x_wconf 73' lang='lat' dir='ltr'>pa</span> <span class='ocrx_word' id='word_1_201' title='bbox 223 3185 325 3248; x_wconf 83' lang='lat' dir='ltr'>umbra,</span> <span class='ocrx_word' id='word_1_202' title='bbox 344 3182 395 3234; x_wconf 89' lang='lat' dir='ltr'>hoc</span> <span class='ocrx_word' id='word_1_203' title='bbox 413 3195 466 3248; x_wconf 83' lang='lat' dir='ltr'>est,</span> <span class='ocrx_word' id='word_1_204' title='bbox 481 3181 541 3233; x_wconf 82' lang='lat' dir='ltr'>olea</span> <span class='ocrx_word' id='word_1_205' title='bbox 555 3182 680 3248; x_wconf 78' lang='lat' dir='ltr'>victrice,</span> <span class='ocrx_word' id='word_1_206' title='bbox 759 3183 819 3248; x_wconf 76' lang='lat'>640.</span> <span class='ocrx_word' id='word_1_207' title='bbox 839 3182 903 3233; x_wconf 72' lang='lat' dir='ltr'>Dur</span> <span class='ocrx_word' id='word_1_208' title='bbox 921 3180 1005 3248; x_wconf 84' lang='lat' dir='ltr'>videt,</span> <span class='ocrx_word' id='word_1_209' title='bbox 1026 3195 1105 3253; x_wconf 83' lang='lat' dir='ltr'>utque</span> <span class='ocrx_word' id='word_1_210' title='bbox 1118 3185 1170 3255; x_wconf 82' lang='lat' dir='ltr'>piis</span> <span class='ocrx_word' id='word_1_211' title='bbox 1186 3201 1228 3236; x_wconf 83' lang='lat' dir='ltr'>ro·</span> 
     </span>
     <span class='ocr_line' id='line_1_29' title="bbox 178 3259 1227 3337; baseline 0.001 -21"><span class='ocrx_word' id='word_1_212' title='bbox 178 3283 258 3337; x_wconf 80' lang='lat' dir='ltr'>quam</span> <span class='ocrx_word' id='word_1_213' title='bbox 279 3266 370 3315; x_wconf 82' lang='lat' dir='ltr'>victrix</span> <span class='ocrx_word' id='word_1_214' title='bbox 390 3265 518 3316; x_wconf 78' lang='lat' dir='ltr'>excitarat</span> <span class='ocrx_word' id='word_1_215' title='bbox 536 3262 627 3315; x_wconf 83' lang='lat' dir='ltr'>Pallas.</span> <span class='ocrx_word' id='word_1_216' title='bbox 646 3265 681 3315; x_wconf 90' lang='lat' dir='ltr'>Ut</span> <span class='ocrx_word' id='word_1_217' title='bbox 722 3262 791 3333; x_wconf 82' lang='lat' dir='ltr'>ptt‘m</span> <span class='ocrx_word' id='word_1_218' title='bbox 803 3259 1048 3313; x_wconf 81' lang='lat' dir='ltr'>dentoseulonatis.</span> <span class='ocrx_word' id='word_1_219' title='bbox 1062 3262 1125 3332; x_wconf 77' lang='lat' dir='ltr'>fleg.</span> <span class='ocrx_word' id='word_1_220' title='bbox 1142 3265 1163 3316; x_wconf 90' lang='lat' dir='ltr'>B</span> <span class='ocrx_word' id='word_1_221' title='bbox 1178 3263 1227 3316; x_wconf 81' lang='lat' dir='ltr'>hs·</span> 
     </span>
     <span class='ocr_line' id='line_1_30' title="bbox 177 3341 1229 3416; baseline 0.004 -21"><span class='ocrx_word' id='word_1_222' title='bbox 177 3359 266 3396; x_wconf 81' lang='lat' dir='ltr'>tamen</span> <span class='ocrx_word' id='word_1_223' title='bbox 284 3343 436 3414; x_wconf 82' lang='lat' dir='ltr'>placaretur</span> <span class='ocrx_word' id='word_1_224' title='bbox 450 3345 608 3413; x_wconf 81' lang='lat' dir='ltr'>Neptunus,</span> <span class='ocrx_word' id='word_1_225' title='bbox 625 3341 681 3413; x_wconf 76' lang='lat' dir='ltr'>lege</span> <span class='ocrx_word' id='word_1_226' title='bbox 725 3341 786 3408; x_wconf 83' lang='lat' dir='ltr'>bet,</span> <span class='ocrx_word' id='word_1_227' title='bbox 801 3353 882 3414; x_wconf 83' lang='lat' dir='ltr'>utque</span> <span class='ocrx_word' id='word_1_228' title='bbox 894 3343 947 3415; x_wconf 82' lang='lat' dir='ltr'>piis</span> <span class='ocrx_word' id='word_1_229' title='bbox 965 3343 1044 3416; x_wconf 82' lang='lat' dir='ltr'>ruptis</span> <span class='ocrx_word' id='word_1_230' title='bbox 1059 3343 1122 3396; x_wconf 78' lang='lat' dir='ltr'>eleut</span> <span class='ocrx_word' id='word_1_231' title='bbox 1139 3347 1229 3399; x_wconf 83' lang='lat' dir='ltr'>oscula</span> 
     </span>
     <span class='ocr_line' id='line_1_31' title="bbox 178 3419 1227 3492; baseline 0 -18"><span class='ocrx_word' id='word_1_232' title='bbox 178 3435 286 3474; x_wconf 84' lang='lat' dir='ltr'>ouutum</span> <span class='ocrx_word' id='word_1_233' title='bbox 306 3423 375 3486; x_wconf 85' lang='lat' dir='ltr'>tuit,</span> <span class='ocrx_word' id='word_1_234' title='bbox 396 3434 424 3473; x_wconf 89' lang='lat' dir='ltr'>ut</span> <span class='ocrx_word' id='word_1_235' title='bbox 443 3423 538 3492; x_wconf 89' lang='lat' dir='ltr'>nequis</span> <span class='ocrx_word' id='word_1_236' title='bbox 559 3419 680 3472; x_wconf 86' lang='lat' dir='ltr'>mulieres</span> <span class='ocrx_word' id='word_1_237' title='bbox 725 3422 809 3482; x_wconf 82' lang='lat' dir='ltr'>natis‚·</span> <span class='ocrx_word' id='word_1_238' title='bbox 823 3422 886 3491; x_wconf 76' lang='lat' dir='ltr'>Reg.</span> <span class='ocrx_word' id='word_1_239' title='bbox 899 3423 1047 3474; x_wconf 82' lang='lat' dir='ltr'>Cnostram</span> <span class='ocrx_word' id='word_1_240' title='bbox 1059 3423 1119 3475; x_wconf 86' lang='lat' dir='ltr'>leet.</span> <span class='ocrx_word' id='word_1_241' title='bbox 1132 3427 1179 3478; x_wconf 89' lang='lat' dir='ltr'>En.</span> <span class='ocrx_word' id='word_1_242' title='bbox 1190 3457 1227 3468; x_wconf 85' lang='grc'><strong>-</strong></span> 
     </span>
     <span class='ocr_line' id='line_1_32' title="bbox 176 3499 936 3565; baseline -0.005 -11"><span class='ocrx_word' id='word_1_243' title='bbox 176 3502 430 3565; x_wconf 68' lang='grc' dir='ltr'>Λιήεηίαςνοειιπει,</span> <span class='ocrx_word' id='word_1_244' title='bbox 441 3500 566 3552; x_wconf 88' lang='lat' dir='ltr'>utnullus</span> <span class='ocrx_word' id='word_1_245' title='bbox 574 3517 682 3554; x_wconf 78' lang='lat' dir='ltr'>nesceu-</span> <span class='ocrx_word' id='word_1_246' title='bbox 725 3501 796 3551; x_wconf 75' lang='lat' dir='ltr'>Dux.</span> <span class='ocrx_word' id='word_1_247' title='bbox 808 3499 936 3552; x_wconf 86' lang='lat' dir='ltr'>Theseus.</span> 
     </span>
    </p>

    <p class='ocr_par' dir='ltr' id='par_1_6' title="bbox 177 3578 1229 4292">
     <span class='ocr_line' id='line_1_33' title="bbox 177 3578 1229 3653; baseline 0.002 -21"><span class='ocrx_word' id='word_1_248' title='bbox 177 3583 245 3632; x_wconf 89' lang='lat' dir='ltr'>tium</span> <span class='ocrx_word' id='word_1_249' title='bbox 258 3594 378 3632; x_wconf 86' lang='lat' dir='ltr'>mntemo</span> <span class='ocrx_word' id='word_1_250' title='bbox 393 3594 544 3632; x_wconf 82' lang='lat' dir='ltr'>censeretur</span> <span class='ocrx_word' id='word_1_251' title='bbox 557 3581 680 3646; x_wconf 87' lang='lat' dir='ltr'>nomine,</span> <span class='ocrx_word' id='word_1_252' title='bbox 761 3578 824 3645; x_wconf 73' lang='lat'>642.</span> <span class='ocrx_word' id='word_1_253' title='bbox 849 3580 985 3631; x_wconf 82' lang='lat' dir='ltr'>Terrarum</span> <span class='ocrx_word' id='word_1_254' title='bbox 1006 3579 1073 3653; x_wconf 75' lang='lat' dir='ltr'>lepos</span> <span class='ocrx_word' id='word_1_255' title='bbox 1092 3583 1229 3634; x_wconf 76' lang='lat' dir='ltr'>elmundi</span> 
     </span>
     <span class='ocr_line' id='line_1_34' title="bbox 178 3658 1228 3730; baseline 0.001 -19"><span class='ocrx_word' id='word_1_256' title='bbox 178 3661 399 3713; x_wconf 80' lang='lat' dir='ltr'>neveullneerum</span> <span class='ocrx_word' id='word_1_257' title='bbox 407 3659 681 3730; x_wconf 74' lang='lat' dir='ltr'>posthacsufiregium</span> <span class='ocrx_word' id='word_1_258' title='bbox 719 3658 830 3728; x_wconf 71' lang='lat' dir='ltr'>federa.</span> <span class='ocrx_word' id='word_1_259' title='bbox 844 3658 977 3710; x_wconf 82' lang='lat' dir='ltr'>Eusebius</span> <span class='ocrx_word' id='word_1_260' title='bbox 990 3659 1055 3709; x_wconf 83' lang='lat' dir='ltr'>llist.</span> <span class='ocrx_word' id='word_1_261' title='bbox 1066 3659 1137 3710; x_wconf 87' lang='lat' dir='ltr'>Eecl.</span> <span class='ocrx_word' id='word_1_262' title='bbox 1152 3660 1228 3729; x_wconf 85' lang='lat' dir='ltr'>XIX,</span> 
     </span>
     <span class='ocr_line' id='line_1_35' title="bbox 178 3732 1228 3811; baseline -0.001 -21"><span class='ocrx_word' id='word_1_263' title='bbox 178 3739 681 3811; x_wconf 70' lang='lat' dir='ltr'>ferretllieautemcollisderopolisest</span> <span class='ocrx_word' id='word_1_264' title='bbox 726 3755 785 3807; x_wconf 85' lang='lat' dir='ltr'>cap.</span> <span class='ocrx_word' id='word_1_265' title='bbox 805 3739 820 3790; x_wconf 90' lang='lat'>8</span> <span class='ocrx_word' id='word_1_266' title='bbox 837 3748 914 3788; x_wconf 77' lang='lat' dir='ltr'>vocet</span> <span class='ocrx_word' id='word_1_267' title='bbox 931 3735 1020 3802; x_wconf 68' lang='lat' dir='ltr'>qim:</span> <span class='ocrx_word' id='word_1_268' title='bbox 1034 3732 1144 3802; x_wconf 74' lang='grc' dir='ltr'>Θισμοδε,</span> <span class='ocrx_word' id='word_1_269' title='bbox 1161 3737 1228 3811; x_wconf 74' lang='lat' dir='ltr'>lepes</span> 
     </span>
     <span class='ocr_line' id='line_1_36' title="bbox 178 3813 1229 3891; baseline -0.002 -21"><span class='ocrx_word' id='word_1_270' title='bbox 178 3817 351 3870; x_wconf 75' lang='lat' dir='ltr'>Athenarum.</span> <span class='ocrx_word' id='word_1_271' title='bbox 361 3818 476 3886; x_wconf 82' lang='lat' dir='ltr'>Quidum</span> <span class='ocrx_word' id='word_1_272' title='bbox 485 3813 681 3891; x_wconf 86' lang='lat' dir='ltr'>dieunt,quum</span> <span class='ocrx_word' id='word_1_273' title='bbox 725 3825 834 3868; x_wconf 69' lang='lat' dir='ltr'>nature.</span> <span class='ocrx_word' id='word_1_274' title='bbox 853 3817 986 3889; x_wconf 88' lang='lat' dir='ltr'>Josephus</span> <span class='ocrx_word' id='word_1_275' title='bbox 1007 3830 1033 3867; x_wconf 90' lang='lat' dir='ltr'>et</span> <span class='ocrx_word' id='word_1_276' title='bbox 1052 3816 1128 3869; x_wconf 87' lang='lat' dir='ltr'>Philo</span> <span class='ocrx_word' id='word_1_277' title='bbox 1149 3814 1229 3881; x_wconf 73' lang='grc' dir='ltr'>νέμοες</span> 
     </span>
     <span class='ocr_line' id='line_1_37' title="bbox 178 3897 1228 3970; baseline 0.004 -22"><span class='ocrx_word' id='word_1_278' title='bbox 178 3899 320 3970; x_wconf 88' lang='lat' dir='ltr'>Neptunus</span> <span class='ocrx_word' id='word_1_279' title='bbox 347 3912 374 3950; x_wconf 91' lang='lat' dir='ltr'>et</span> <span class='ocrx_word' id='word_1_280' title='bbox 397 3900 517 3950; x_wconf 81' lang='lat' dir='ltr'>Minerva</span> <span class='ocrx_word' id='word_1_281' title='bbox 540 3898 572 3950; x_wconf 89' lang='lat' dir='ltr'>de</span> <span class='ocrx_word' id='word_1_282' title='bbox 597 3898 681 3950; x_wconf 83' lang='lat' dir='ltr'>Athe·</span> <span class='ocrx_word' id='word_1_283' title='bbox 725 3897 827 3965; x_wconf 67' lang='grc' dir='ltr'>βροτᾶν,</span> <span class='ocrx_word' id='word_1_284' title='bbox 844 3897 1228 3970; x_wconf 71' lang='lat' dir='ltr'>lepeshominum:Euripi‹les</span> 
     </span>
     <span class='ocr_line' id='line_1_38' title="bbox 179 3975 1227 4051; baseline 0.004 -24"><span class='ocrx_word' id='word_1_285' title='bbox 179 3978 219 4028; x_wconf 87' lang='lat' dir='ltr'>nis</span> <span class='ocrx_word' id='word_1_286' title='bbox 232 3977 599 4043; x_wconf 79' lang='lat' dir='ltr'>contendereut‚decrevisse</span> <span class='ocrx_word' id='word_1_287' title='bbox 610 3979 682 4030; x_wconf 87' lang='lat' dir='ltr'>Deos</span> <span class='ocrx_word' id='word_1_288' title='bbox 726 3976 796 4029; x_wconf 70' lang='lat' dir='ltr'>uestit</span> <span class='ocrx_word' id='word_1_289' title='bbox 821 3975 905 4044; x_wconf 77' lang='lat' dir='ltr'>siper,</span> <span class='ocrx_word' id='word_1_290' title='bbox 931 3996 1097 4030; x_wconf 81' lang='lat' dir='ltr'>communem</span> <span class='ocrx_word' id='word_1_291' title='bbox 1122 3977 1227 4051; x_wconf 70' lang='lat' dir='ltr'>[rpem.-</span> 
     </span>
     <span class='ocr_line' id='line_1_39' title="bbox 180 4054 1228 4132; baseline 0.002 -26"><span class='ocrx_word' id='word_1_292' title='bbox 180 4055 269 4107; x_wconf 90' lang='lat' dir='ltr'>loeum</span> <span class='ocrx_word' id='word_1_293' title='bbox 287 4058 312 4107; x_wconf 90' lang='lat' dir='ltr'>ei</span> <span class='ocrx_word' id='word_1_294' title='bbox 331 4055 537 4125; x_wconf 75' lang='lat' dir='ltr'>adjudicandum</span> <span class='ocrx_word' id='word_1_295' title='bbox 557 4057 614 4108; x_wconf 80' lang='lat' dir='ltr'>iore</span> <span class='ocrx_word' id='word_1_296' title='bbox 636 4060 682 4132; x_wconf 91' lang='lat' dir='ltr'>qui</span> <span class='ocrx_word' id='word_1_297' title='bbox 726 4056 854 4111; x_wconf 78' lang='lat' dir='ltr'>Aristides</span> <span class='ocrx_word' id='word_1_298' title='bbox 864 4070 891 4110; x_wconf 90' lang='lat' dir='ltr'>et</span> <span class='ocrx_word' id='word_1_299' title='bbox 904 4057 1051 4130; x_wconf 84' lang='lat' dir='ltr'>Sophocles</span> <span class='ocrx_word' id='word_1_300' title='bbox 1064 4054 1129 4122; x_wconf 71' lang='grc' dir='ltr'>νόμοε</span> <span class='ocrx_word' id='word_1_301' title='bbox 1142 4057 1228 4123; x_wconf 68' lang='lat' dir='ltr'>lami-</span> 
     </span>
     <span class='ocr_line' id='line_1_40' title="bbox 180 4126 1228 4215; baseline 0.001 -26"><span class='ocrx_word' id='word_1_302' title='bbox 180 4155 236 4189; x_wconf 89' lang='lat' dir='ltr'>rem</span> <span class='ocrx_word' id='word_1_303' title='bbox 243 4136 376 4189; x_wconf 85' lang='lat' dir='ltr'>utiliorem</span> <span class='ocrx_word' id='word_1_304' title='bbox 384 4138 682 4208; x_wconf 83' lang='lat' dir='ltr'>proferret.Neptunum</span> <span class='ocrx_word' id='word_1_305' title='bbox 726 4159 783 4206; x_wconf 75' lang='lat' dir='ltr'>rur,</span> <span class='ocrx_word' id='word_1_306' title='bbox 802 4126 869 4205; x_wconf 69' lang='lat' dir='ltr'>siper</span> <span class='ocrx_word' id='word_1_307' title='bbox 886 4139 954 4207; x_wconf 70' lang='lat' dir='ltr'>luris,</span> <span class='ocrx_word' id='word_1_308' title='bbox 976 4139 1044 4215; x_wconf 69' lang='lat' dir='ltr'>lepes</span> <span class='ocrx_word' id='word_1_309' title='bbox 1062 4140 1228 4207; x_wconf 83' lang='lat' dir='ltr'>cloemonum,</span> 
     </span>
     <span class='ocr_line' id='line_1_41' title="bbox 181 4215 927 4292; baseline 0.004 -25"><span class='ocrx_word' id='word_1_310' title='bbox 181 4217 269 4286; x_wconf 78' lang='lat' dir='ltr'>igitur,</span> <span class='ocrx_word' id='word_1_311' title='bbox 286 4233 411 4287; x_wconf 81' lang='lat' dir='ltr'>percussa</span> <span class='ocrx_word' id='word_1_312' title='bbox 425 4215 540 4288; x_wconf 62' lang='lat' dir='ltr'>pridente</span> <span class='ocrx_word' id='word_1_313' title='bbox 554 4229 622 4267; x_wconf 83' lang='lat' dir='ltr'>terra</span> <span class='ocrx_word' id='word_1_314' title='bbox 635 4216 681 4268; x_wconf 85' lang='lat' dir='ltr'>de·</span> <span class='ocrx_word' id='word_1_315' title='bbox 726 4217 793 4292; x_wconf 75' lang='lat' dir='ltr'>lepes</span> <span class='ocrx_word' id='word_1_316' title='bbox 806 4219 927 4272; x_wconf 86' lang='lat' dir='ltr'>Deorum.</span> 
     </span>
    </p>

    <p class='ocr_par' dir='ltr' id='par_1_7' title="bbox 182 4293 1230 4371">
     <span class='ocr_line' id='line_1_42' title="bbox 182 4293 1230 4371; baseline 0.003 -25"><span class='ocrx_word' id='word_1_317' title='bbox 182 4294 252 4348; x_wconf 84' lang='lat' dir='ltr'>disse</span> <span class='ocrx_word' id='word_1_318' title='bbox 261 4312 373 4366; x_wconf 85' lang='lat' dir='ltr'>equum,</span> <span class='ocrx_word' id='word_1_319' title='bbox 386 4295 490 4366; x_wconf 74' lang='lat' dir='ltr'>signum</span> <span class='ocrx_word' id='word_1_320' title='bbox 499 4293 575 4362; x_wconf 83' lang='lat' dir='ltr'>belli,</span> <span class='ocrx_word' id='word_1_321' title='bbox 588 4297 682 4346; x_wconf 88' lang='lat' dir='ltr'>Miner·</span> <span class='ocrx_word' id='word_1_322' title='bbox 760 4295 823 4363; x_wconf 72' lang='grc'>643.</span> <span class='ocrx_word' id='word_1_323' title='bbox 847 4297 993 4368; x_wconf 79' lang='lat' dir='ltr'>Defensura</span> <span class='ocrx_word' id='word_1_324' title='bbox 1011 4315 1119 4362; x_wconf 82' lang='lat' dir='ltr'>munus,</span> <span class='ocrx_word' id='word_1_325' title='bbox 1138 4297 1230 4371; x_wconf 74' lang='lat' dir='ltr'>dipnut</span> 
     </span>
    </p>
   </div>
   <div class='ocr_carea' id='block_1_4' title="bbox 1033 4389 1085 4452">
    <p class='ocr_par' dir='ltr' id='par_1_8' title="bbox 1033 4389 1085 4452">
     <span class='ocr_line' id='line_1_43' title="bbox 1033 4389 1085 4452; baseline 0 -1"><span class='ocrx_word' id='word_1_326' title='bbox 1033 4389 1085 4452; x_wconf 86' lang='lat'>30.</span> 
     </span>
    </p>
   </div>
   <div class='ocr_carea' id='block_1_5' title="bbox 0 0 1643 5160">
    <p class='ocr_par' dir='ltr' id='par_1_9' title="bbox 0 0 1643 5160">
     <span class='ocr_line' id='line_1_44' title="bbox 0 0 1643 5160; baseline 0 0"><span class='ocrx_word' id='word_1_327' title='bbox 0 0 1643 5160; x_wconf 95' lang='lat' dir='ltr'> </span> 
     </span>
    </p>
   </div>
  </div>
 </body>
</html>
