3194 5156
562 548 704 611 ureae
730 549 754 612 1.
1117 547 1179 636 ⁵47

182 684 268 746 Vota
282 695 395 746 tamen
409 679 564 744 Danaum
578 698 648 742 uon
659 677 822 744 intentata
834 673 1032 770 relinquam.
1134 689 1184 741 550

183 796 327 885 Jamque
340 789 425 858 adeo
438 805 498 857 aut
508 788 617 856 aderit
628 809 763 855 meeum
777 786 908 856 Peleius
923 787 1035 866 heros,

185 908 253 969 Aut.
263 924 382 968 verum
397 902 533 992 penitus
547 898 643 982 latet,
657 915 690 964 et
704 900 776 966 siue
790 895 945 990 Apolline
952 896 1106 986 Calchas.
1121 927 1134 958 s

232 1007 452 1078 Conclamant
463 1011 586 1088 Danai,
598 1007 816 1101 stimulatque
828 1013 1033 1099 Agamemno
1042 1007 1210 1074 volentes:

187 1127 358 1188 laxantur
371 1138 492 1201 coetus,
508 1116 723 1212 resolutaque
737 1141 912 1186 murmure
926 1117 1002 1185 laeto

186 1232 328 1322 Agmina
341 1227 537 1298 discedunt:
551 1227 668 1322 quales
679 1226 752 1322 jam
764 1244 864 1296 nocte
878 1231 1069 1322 propinqua
1136 1239 1186 1292 555

187 1345 215 1407 Ε
228 1359 328 1434 pastu
341 1339 535 1408 referuntur
545 1362 642 1432 apes,
657 1337 711 1406 vel
725 1342 761 1405 in
771 1357 868 1406 antra
883 1341 1003 1407 reverti

188 1449 290 1518 Melle
303 1473 392 1518 novo
405 1448 558 1540 gravidas
573 1450 661 1516 mitis
672 1448 765 1518 videt
779 1448 889 1542 Hybla
904 1465 1063 1517 catervas.

188 1567 375 1643 Neomare,
386 1561 457 1656 jam
470 1561 603 1630 dextras
620 1561 782 1630 Ithacesia
794 1563 951 1632 carbasus
966 1585 1065 1630 auras

190 1677 316 1756 Poscit,
332 1677 414 1742 etin
429 1676 531 1742 remis
547 1673 662 1743 hilaris
677 1673 793 1743 sedere
804 1672 976 1767 juventus.

237 1792 279 1852 At
292 1785 411 1879 procul
423 1786 594 1853 occultum
609 1784 685 1852 falsi
701 1786 765 1853 sub
779 1790 923 1878 imagine
934 1807 1034 1853 sexus
1141 1795 1192 1846 560

192 1897 348 1997 AEaqiden
362 1898 452 1965 furto
463 1895 534 1988 jam
546 1915 686 1964 noverat
698 1921 766 1964 una
778 1896 938 1966 latentem

192 2005 363 2074 Deidamia
376 2009 502 2074 virum:
518 2005 576 2074 sed
588 2023 717 2099 opertae
728 2011 861 2076 conscia
874 2007 984 2101 culpae

192 2119 320 2183 Cuncta
333 2133 448 2209 pavet,
465 2118 649 2212 tacitasque
660 2135 757 2209 putat
771 2123 896 2187 sentire
910 2139 1051 2186 sorores.

193 2228 347 2319 Namque
361 2241 400 2292 ut
412 2227 560 2317 virgineo
573 2229 665 2293 stetit
673 2231 808 2319 agmine
822 2227 933 2303 clarus
945 2225 1105 2306 Achilles,

183 2409 244 2463 550.
255 2411 386 2464 Danaum.
407 2413 573 2480 Graecorum,
589 2413 647 2466 scil.
693 2418 719 2466 in
732 2417 810 2469 remis
819 2418 947 2486 juvenum
964 2425 1130 2468 monstrante
1139 2431 1194 2465 ma-

183 2487 245 2542 551.
257 2490 359 2543 Peleius
372 2491 452 2546 leros.
470 2490 586 2544 Achilles
600 2494 649 2543 Pe·
692 2495 823 2565 gisnortt
832 2512 924 2547 sonus.
934 2518 946 2542 ι
955 2493 1075 2546 Valerius
1084 2492 1194 2545 Flaccus

147 2567 181 2621 lei
194 2567 270 2622 lilius.
693 2573 739 2626 lib.
753 2575 784 2638 V,
797 2573 865 2643 349:
876 2596 887 2620 ι
897 2575 928 2624 ln
936 2575 1007 2625 vittis
1015 2573 1124 2644 geminas
1134 2589 1194 2623 eum

184 2649 243 2703 553.
268 2651 443 2725 Ayamemno.
463 2651 648 2708 Nominativut
694 2655 875 2707 luminatnln
887 2652 1027 2708 Colchis.-

149 2731 266 2782 Latinus.
281 2730 345 2797 Quae
364 2732 449 2783 Graeci
463 2731 491 2782 in
509 2749 544 2782 nn
562 2731 651 2782 Latini
731 2733 791 2786 561.
805 2734 896 2788 Furto.
909 2733 938 2783 ltl
952 2746 1004 2800 est,
1017 2731 1116 2783 furtivo
1131 2748 1196 2782 con·

148 2814 202 2862 ino
217 2823 329 2881 ponunt.
342 2839 378 2848 —
392 2808 521 2864 Veientes.
539 2810 650 2882 Ulyxent
696 2813 798 2866 cubitu.

150 2901 177 2941 et
188 2888 352 2942 Diomedem.
732 2890 792 2945 562.
816 2891 955 2944 Deidamia
977 2891 1069 2942 uirum.
1088 2893 1153 2962 Reg.
1177 2893 1197 2942 B

187 2967 247 3020 556.
259 2968 284 3018 Ε
295 2977 372 3038 pastu
387 2967 533 3037 referuntur
544 2986 612 3039 apes.
627 2968 653 3020 Ε
697 2970 810 3042 prebet,
829 2969 972 3023 Deidamea
988 2969 1086 3030 uirum
1099 2967 1198 3040 {tenc

148 3046 445 3119 pastureserunturaves
457 3048 525 3098 Dan.
537 3047 594 3098 Put.
606 3048 652 3098 Pe·
698 3063 817 3102 nostram
835 3045 895 3100 lect.
918 3047 965 3098 En.
985 3075 1020 3087 -
1036 3047 1088 3099 Sed
1104 3059 1198 3120 operm

149 3143 203 3182 tar.
215 3125 394 3196 Lindenbrog.
409 3139 435 3177 et
450 3125 564 3178 Crue-
571 3126 652 3196 regg.
698 3131 798 3183 conscia
812 3127 895 3202 wlpra
910 3129 1008 3180 Cuncta
1023 3137 1117 3199 pavet,
1135 3126 1199 3178 mci·

150 3204 565 3262 BetChabentlranclect.Eu.
699 3221 786 3282 terque
796 3219 874 3283 putat
895 3207 988 3260 entim
1007 3223 1109 3260 sorem.
1131 3205 1198 3258 Mire

189 3281 250 3358 557.
259 3287 358 3358 Hybla.
369 3283 453 3359 Hybla
461 3303 539 3338 mons
549 3284 653 3351 Siciliae,
698 3289 838 3360 expressit,
852 3284 925 3359 qaod
935 3283 964 3336 flt
975 3287 1002 3336 in
1016 3286 1103 3337 animo
1113 3283 1200 3336 homi-

151 3367 336 3440 thymicupia,
347 3365 503 3430 etsalicum,
514 3361 654 3418 abundant
699 3385 764 3418 num
777 3379 838 3436 post
848 3365 1018 3417 commissum
1034 3365 1133 3416 crimen
1148 3383 1154 3413 ι
1167 3362 1201 3414 ti·

152 3446 264 3518 apibus,
276 3463 332 3498 una
343 3463 404 3496 cum
418 3441 519 3514 oppidu
536 3439 655 3512 ejusdem
699 3456 772 3496 mant
784 3446 886 3507 omnia,
899 3456 925 3494 et
940 3453 1037 3512 putant
1054 3439 1119 3493 alios
1134 3441 1201 3492 seire

152 3529 285 3580 nominis:
301 3539 331 3580 ut
345 3528 483 3598 Hymettus
492 3525 520 3576 in
533 3523 629 3574 Attica.
701 3522 774 3596 quod
787 3523 910 3588 iecerint,
923 3519 969 3572 sed
979 3518 1155 3572 dissimulare.

191 3607 251 3661 558.
263 3607 399 3660 Ithacesia.
417 3603 516 3675 Ulyxis.
736 3602 796 3670 564.
817 3601 941 3673 Namque
958 3609 988 3652 ut
1007 3600 1122 3675 uirgineo
1133 3599 1204 3652 stetit

191 3685 252 3756 ⁵59.
274 3685 375 3750 Poscit,
388 3694 414 3736 et
428 3683 456 3734 in
475 3681 549 3734 remit
569 3679 658 3734 hilaris
701 3677 1201 3754 agmineclanudchillet.DanPetav.

153 3766 240 3818 sedere
249 3768 382 3838 juventus.
399 3765 464 3833 Reg.
488 3753 619 3826 Bltabet,
632 3771 657 3810 et
702 3759 784 3830 hang.
807 3760 885 3810 Laur.
911 3755 1009 3810 Butlid.
1035 3769 1062 3809 et
1085 3757 1202 3828 Lipsian.

155 3846 186 3898 in
207 3845 283 3898 remit
303 3843 398 3897 hilaret
418 3841 503 3896 redere
516 3843 657 3912 juventam
701 3841 770 3892 stetit
781 3839 811 3889 in
819 3834 1003 3910 qoeqeclanct5
1014 3835 1077 3886 Exc.
1089 3837 1166 3907 Burg.
1178 3846 1203 3886 et

155 3925 222 3995 Req.
235 3923 381 3977 Cnustram
393 3921 454 3976 leet.
468 3920 515 3972 En.
524 3947 561 3960 -
573 3919 608 3970 In
620 3935 659 3970 re-
703 3921 760 3970 Put.
775 3917 843 3970 stetit
851 3916 957 3988 aqmine
965 3915 1057 3974 duum·
1069 3927 1095 3966 et
1104 3911 1149 3965 hic
1157 3912 1205 3964 ‹lu-

156 4001 659 4075 misjuventus.Suntjuvenesremiges‚
705 4015 747 4050 rm
769 3993 835 4048 nihil
857 3993 930 4046 aliud
951 4006 990 4046 est
1009 4011 1088 4065 quam
1106 3992 1206 4053 claun,-

157 4084 200 4136 val
211 4102 298 4138 remos
310 4085 432 4138 manibus
442 4096 561 4136 tenentes
571 4093 597 4132 et
607 4097 662 4132 mo·
705 4075 829 4128 coaluere
839 4075 909 4125 enim
916 4073 996 4126 ticam
1005 4086 1052 4125 cet
1062 4070 1117 4123 l.-
1124 4071 1218 4142 Reg'g.'

157 4175 258 4216 ventes.
270 4163 313 4216 Sic
323 4163 407 4217 Theb.
421 4166 465 4228 tv,
478 4181 504 4213 v.
516 4160 585 4213 805:
602 4158 662 4210 «sic
706 4155 762 4208 Bet
774 4152 937 4224 Cpr-rebant,
954 4153 1022 4206 stetit
1035 4153 1062 4202 in
1073 4169 1151 4225 φηςι
1162 4151 1207 4202 du·

158 4241 296 4294 Ambracii
306 4259 355 4312 par
365 4241 442 4296 litora
449 4239 525 4318 ponti
533 4236 662 4290 Nauticus
707 4251 748 4284 rus
759 4231 881 4284 Achilles.

1014 4321 1067 4386 35.
