3272 5166
613 582 757 646 LlBER
782 581 823 647 X.
1173 581 1241 675 309

239 705 318 778 lllus
330 709 420 801 cogit
431 729 542 790 umor,
556 729 620 776 nec
631 703 758 774 habent
768 721 917 775 extrema
930 704 1106 799 pudorem.
1192 721 1244 792 ⁵7⁰

240 825 326 913 lpsae
338 815 405 887 tela
417 820 514 900 viris,
526 818 610 910 ipsae
622 820 707 885 iram
719 819 919 912 animosque
931 819 1139 902 ministrant,

238 933 509 1024 Hortanturque,
523 952 659 1022 unaque
672 945 791 1012 ruunt,
805 951 868 996 nec
878 929 967 996 avita
980 945 1151 1021 gementes

239 1041 390 1124 Limina,
404 1063 467 1108 nec
478 1063 602 1132 parvos
614 1057 748 1106 cessent
759 1037 937 1107 ostendere
949 1056 1057 1108 natos.

286 1151 408 1221 Sicubi
420 1153 576 1244 pumiceo
587 1167 703 1243 pastor
715 1166 874 1243 rapturus
886 1149 929 1218 sb
940 1169 1039 1220 antro

240 1267 394 1330 Armatus
407 1264 513 1330 erexit
525 1260 749 1355 apes,fremit
761 1285 880 1353 aspera
892 1260 1016 1330 nubes:
1194 1275 1245 1346 ⁵7⁵

243 1377 351 1467 Inque
363 1373 471 1440 vicem
484 1394 558 1439 sese
569 1369 712 1440 stridore
724 1371 921 1454 hortantur,
933 1387 967 1438 et
977 1395 1095 1441 omnes

241 1483 356 1550 Hostis
368 1484 404 1549 in
416 1479 621 1564 oravolsn13
635 1505 713 1550 mox
726 1478 960 1548 deficientibus
973 1481 1035 1550 alis

242 1592 414 1689 Amplexae
425 1591 616 1688 flavumque
628 1592 768 1661 domum
780 1595 981 1688 captivaque
992 1591 1159 1688 plangunt

197 1824 313 1878 lamento
337 1823 465 1877 timentes.
483 1827 548 1897 Reg.
568 1829 588 1878 B
605 1825 702 1894 habet,
746 1824 843 1898 Delph.
863 1855 900 1868 --
919 1826 985 1896 Reg.
1003 1829 1024 1878 B
1039 1825 1138 1894 lrnbct,
1153 1827 1250 1898 fremit

197 1913 310 1956 matrum
333 1903 448 1956 lumenta
468 1905 602 1957 trementes
607 1927 616 1966 ‚·
637 1906 701 1976 Reg.
746 1925 835 1977 aspera
848 1907 938 1969 aubin
950 1908 1013 1978 Reg.
1024 1906 1045 1958 C
1058 1921 1174 1960 nostram
1187 1906 1249 1959 lect.

199 1985 350 2038 Cnostrcm
363 1984 423 2037 lect.
443 1985 489 2037 En.
747 1987 820 2038 Entr.
839 2016 876 2028 —
893 1987 990 2059 Aspera
1005 1987 1090 2040 nubes.
1104 1986 1250 2040 Multitudo

234 2061 295 2134 570.
314 2065 371 2116 Nec
382 2064 477 2116 liabent
490 2069 603 2116 extrema
614 2064 703 2136 pudo·
747 2065 817 2116 enim
830 2063 977 2116 volentium
989 2083 1071 2137 epum
1082 2065 1181 2118 nubem
1194 2085 1252 2118 um-

198 2161 261 2194 rem.
272 2142 342 2209 Quia
353 2145 380 2194 in
393 2143 543 2196 calamitate
555 2143 643 2197 nullus
654 2163 703 2216 pu·
747 2142 876 2214 litemque
888 2143 978 2195 efficit.

200 2219 251 2274 dor
277 2236 317 2275 est
339 2221 444 2276 feminis
469 2224 577 2295 prodire
601 2227 629 2276 in
652 2243 704 2297 pu·
785 2221 845 2291 ⁵76.
864 2223 950 2295 Inque
971 2224 1052 2276 vicem
1073 2241 1124 2277 sere
1144 2223 1253 2277 stridore

200 2299 309 2353 blicnm.
750 2302 895 2366 hortantur,
908 2312 933 2352 et
945 2319 1040 2355 omnes.
1056 2304 1176 2356 -Nescio
1188 2302 1254 2373 quid

237 2381 298 2452 573.
317 2383 416 2434 Parvos
429 2381 561 2434 ostendere
576 2393 657 2435 natos.
670 2386 705 2435 Ut
750 2380 858 2434 turbant
880 2380 923 2433 hic
944 2382 1010 2435 latui
1031 2383 1153 2435 nonnulli
1173 2383 1254 2450 libri,

202 2461 254 2514 hoc
275 2460 429 2533 spectaculo
454 2466 540 2514 acrius
562 2465 706 2515 excitarent
751 2460 818 2513 adeo
831 2460 938 2532 quidem
952 2475 982 2514 ut
993 2462 1092 2516 insulse
1103 2474 1130 2514 et
1142 2463 1254 2517 hominis

201 2542 271 2594 viros
285 2540 319 2593 ed
337 2559 461 2612 pugnam.
477 2541 522 2594 Sil.
539 2542 597 2594 ltnl.
614 2543 705 2594 Punic.
752 2539 859 2612 quidam
872 2542 971 2593 referre
986 2542 1105 2596 ausint·
1122 2547 1218 2596 Birra.

201 2621 329 2690 x11,589
343 2635 368 2674 et
383 2639 456 2693 seqq.
476 2621 543 2674 «δεῖ
555 2635 651 2674 matres
662 2623 707 2673 sti·
787 2621 850 2690 577.
867 2620 955 2673 Hostis
968 2621 996 2672 iu
1010 2639 1056 2674 ora
1072 2619 1179 2685 volantf
1193 2641 1256 2675 mox

204 2697 306 2750 mulent
327 2701 451 2772 notique,
474 2713 499 2752 et
518 2718 579 2752 cern
599 2703 707 2771 supinet
751 2696 926 2770 deficientibus
947 2698 1004 2752 aiis.
1028 2701 1091 2771 ling.
1114 2703 1135 2752 B
1156 2700 1255 2770 hebet,

203 2776 369 2830 Tendentum
380 2778 481 2850 palmas
488 2778 707 2850 lacrimantiaque
753 2778 864 2832 hottisirt
875 2797 919 2832 ora
928 2779 1029 2841 volent5
1039 2781 1101 2851 lieg.
1110 2781 1256 2836 Cnostrern

205 2877 253 2912 ortt
271 2872 421 2931 parentum.
436 2861 577 2913 Ostentum
593 2877 707 2930 parvos,
751 2858 812 2910 lect.
825 2861 872 2912 Eo.
883 2889 920 2900 ·-
930 2859 1114 2931 Dqficientibus
1125 2859 1182 2914 alis.
1194 2863 1257 2916 Las-

203 2941 346 3012 rugituque
359 2941 440 2992 incita
453 2937 560 3010 pulsent
571 2939 658 2992 Corda
670 2941 709 2990 vi·
753 2949 814 2988 saue
824 2938 849 2988 vi
860 2935 980 3002 rolandi,
991 2936 1068 2988 volvi
1078 2950 1185 2990 conctoe.
1195 2943 1255 2993 Vet.
1358 2940 1363 2952 ’

205 3037 278 3086 rum,
290 3023 398 3072 armatis
411 3020 525 3090 infigunt
541 3019 632 3076 oscula
644 3018 709 3072 dex·
753 3014 1259 3087 Schol.Nempe,v.g.fumo;conoentit

206 3101 261 3152 tris.
274 3103 313 3152 lre
324 3099 432 3167 volunt,
445 3113 494 3153 etc.
754 3109 780 3148 et
786 3094 1028 3167 glossographusin
1037 3101 1138 3168 optimo
1148 3099 1258 3171 Codice,

169 3197 176 3210 ·
242 3178 303 3250 574.
314 3179 358 3232 Sic
369 3179 428 3247 ubi,
438 3191 489 3231 etc.
500 3181 560 3230 llaec
573 3196 711 3250 compare·
755 3175 800 3246 qui
810 3175 995 3245 superscripsit
1008 3174 1156 3230 lassitudine
1165 3182 1260 3253 exsuf-

206 3261 244 3312 tio
258 3259 415 3328 intempesta
429 3255 534 3308 videtur
546 3258 660 3330 Guyeto.
674 3286 710 3296 -
748 3253 894 3326 secatione.
905 3255 944 3305 ltu
956 3268 1043 3307 mente
1053 3255 1175 3310 hebuerit
1187 3262 1261 3332 Papi-

207 3333 332 3388 Pumieeo
350 3348 434 3390 antro.
454 3335 594 3405 Virgilius,
611 3334 708 3406 Georg.
753 3333 813 3384 nius
827 3330 871 3384 ille
883 3331 1026 3402 virgiliana
1038 3336 1141 3388 AEneid.
1154 3339 1219 3405 llll,
1232 3359 1257 3392 v.

207 3419 251 3484 tv,
271 3435 296 3468 v.
316 3415 370 3483 44:
395 3438 406 3462 ι
419 3417 580 3489 Penitusque
602 3429 710 3487 reperire
755 3411 806 3481 587
820 3425 846 3463 et
860 3429 919 3482 sqq.
938 3411 1074 3467 «lnclusns
1086 3429 1116 3466 ut
1127 3435 1209 3488 quum
1221 3418 1259 3470 ln·

207 3493 414 3566 Pumicibusque
428 3496 516 3560 caris,
527 3513 663 3566 exesaeque
672 3512 712 3546 ar·
756 3490 865 3544 tebroso
877 3492 904 3544 in
919 3495 1025 3563 pumice
1035 3508 1126 3564 pastor
1138 3497 1261 3568 Vestiga-

208 3571 281 3626 boris
291 3585 379 3624 antro.
389 3597 401 3620 ι
411 3573 561 3626 —Conlen
574 3572 667 3625 Claud.
679 3573 711 3638 V,
756 3573 792 3622 vit
802 3589 879 3641 apes,
891 3572 1019 3645 fumoque
1028 3575 1146 3646 implevit
1155 3597 1262 3644 erner03

208 3655 236 3706 in
250 3651 337 3706 liulin.
351 3651 397 3703 tib.
412 3653 450 3715 ll,
464 3653 517 3720 460
532 3665 558 3704 et
570 3670 628 3724 sqq.
645 3676 657 3699 ι
667 3671 713 3705 ve-
757 3650 809 3702 lllae
819 3653 908 3717 intus,
923 3651 1031 3724 trepide
1044 3674 1148 3724 rerum,
1162 3678 1210 3730 per
1220 3677 1262 3711 ce-

210 3731 258 3784 luti
272 3733 386 3804 pastoris
398 3731 425 3782 in
438 3749 484 3783 orn
499 3735 644 3784 Commotae
654 3731 713 3802 glo-
757 3751 803 3785 ree
817 3749 903 3786 costra
919 3734 1092 3801 Discurrunt,
1107 3713 1262 3810 magnisque

211 3823 346 3863 merentur
357 3827 434 3880 apes,
447 3823 520 3862 etc·
542 3801 600 3861 ΕΙ).Ι
758 3824 857 3862 acuunt
877 3811 1034 3865 stridoribus
1052 3816 1122 3880 iras,
1142 3816 1264 3870 Volvitur
1279 3820 1282 3830 '

247 3889 308 3960 575.
317 3890 440 3942 Armatus
451 3891 530 3941 erexit
538 3909 612 3963 apes,
619 3890 716 3961 fremit
759 3904 816 3942 uter
825 3889 892 3942 odor
904 3894 993 3956 tectis,
1007 3907 1056 3944 etc.
1068 3918 1079 3942 ι
1094 3895 1168 3948 Plura
1179 3898 1212 3948 de
1224 3901 1264 3950 fu·

211 3986 300 4042 aspere
315 3969 403 4021 nubes.
417 3969 539 4022 Anneius
556 3971 640 4043 erepit
655 3989 715 4043 apes
760 3969 1022 4041 moadapesllerum
1032 3975 1266 4030 Rusticsrumscri-

212 4052 280 4103 Dan.
290 4050 379 4101 Peter.
390 4048 475 4102 Colin.
486 4049 563 4102 Basil.
574 4051 658 4102 Plent.
668 4052 716 4104 Ar·
759 4063 851 4123 ptores
866 4053 986 4122 inprimis
999 4052 1153 4107 Columella.
1168 4059 1263 4110 Bturn.

212 4139 296 4182 mutas
303 4129 385 4180 erexit
393 4146 453 4198 apes
461 4129 544 4199 Leng.
554 4129 633 4181 Leuc.
643 4130 714 4201 Lips.
797 4132 858 4202 578.
866 4132 1027 4208 Flauumque
1035 4137 1152 4190 domum.
1160 4138 1203 4190 ob
1214 4140 1266 4192 mel

213 4209 272 4260 tui.
287 4225 380 4260 omnes
394 4206 542 4275 Bertltieui,
559 4211 621 4262 Exc.
640 4209 716 4262 Cant.
762 4205 836 4282 quod
846 4211 1004 4286 plerumque
1017 4227 1056 4268 est
1069 4217 1142 4267 aurei
1156 4217 1267 4286 coloris,

214 4291 318 4343 Venett.
339 4285 371 4353 3,
393 4288 425 4356 d,
446 4287 567 4340 Gronov.'
585 4290 668 4342 Veen.
691 4301 717 4342 et
763 4309 811 4343 seu
821 4290 926 4345 flavum.
