3272 5166
369 596 436 664 300
604 590 640 654 P.
663 589 700 653 P.
726 589 880 656 STATll
905 590 1179 657 THEBAIDOS

416 719 608 815 Bupalum,
618 716 780 812 juvenes:
795 734 919 787 suntet
931 717 1013 787 mihi
1027 719 1168 814 provida
1179 718 1305 790 dextrae
1360 735 1413 802 tus

414 833 552 913 Omina,
565 845 599 898 st
610 827 770 897 horrendi
783 831 900 898 stricto
912 853 1073 898 mucrone
1085 831 1229 900 furores.
1242 862 1255 892 s
1278 832 1280 836 ’

413 944 467 1012 Sic
478 939 710 1008 ait2anlentcs
722 937 832 1008 alacer
844 939 1017 1008 succendit
1027 940 1191 1009 Adrastus

414 1050 656 1146 Argolicusque
668 1075 789 1143 gener:
804 1054 956 1146 sequitur
963 1050 1034 1147 jam
1046 1055 1173 1122 tristior
1183 1077 1301 1146 augur.

413 1167 557 1259 Jamque
569 1181 728 1257 premunt
739 1187 872 1246 muros,
885 1180 919 1233 et
929 1165 1041 1234 adhuc
1052 1189 1138 1234 nova
1150 1165 1270 1234 funcra
1284 1182 1398 1234 narrat

415 1276 603 1370 Amphion,
616 1279 841 1372 miseramque
852 1276 1023 1346 intrabant
1034 1280 1189 1372 protinus
1201 1277 1336 1362 urbem,
1361 1290 1413 1362 490

415 1389 456 1454 n'i
469 1392 646 1479 Megareus
658 1386 795 1478 specula
805 1390 892 1456 citus
905 1385 1123 1457 exclamasset
1133 1388 1176 1456 ab
1189 1387 1272 1456 alta:
1371 1471 1379 1481 ¹

419 1495 585 1579 «claude,
600 1495 696 1588 vigil:
711 1497 857 1565 subeunt
869 1496 999 1565 hostes:
1012 1497 1131 1566 claude
1143 1496 1294 1593 undique
1305 1511 1428 1590 portas.
1442 1529 1456 1558 v

304 1591 311 1604 ¹
461 1610 521 1675 Est
532 1604 589 1672 ubi
601 1605 659 1673 dat
671 1607 756 1674 vires
769 1609 892 1674 nimius
905 1608 1023 1674 timor:
1037 1629 1141 1702 ocyus
1154 1609 1263 1675 omnis

368 1827 420 1878 rari
429 1823 504 1878 velle.
513 1849 525 1874 s
534 1855 571 1868 -·
580 1826 700 1880 Pulvere.
711 1828 868 1882 certamine.
914 1827 1007 1880 codice
1023 1825 1121 1880 Bsrtlsii
1136 1828 1265 1900 seriptum
1278 1840 1318 1880 cst
1331 1828 1414 1879 istm-

404 1903 465 1971 485.
476 1906 500 1956 1.
508 1908 568 1978 Μ’.
580 1915 640 1958 sunt
650 1917 676 1959 et
684 1905 751 1959 milri
759 1908 870 1978 provida
915 1917 981 1959 rant.

368 1984 472 2037 dextrae.
485 1986 561 2037 Unus
578 1985 669 2038 Behot.
685 1997 711 2038 et
720 1999 781 2038 sunt
793 1985 869 2038 mili.
949 1985 1009 2055 49¹·
1024 1982 1135 2054 specula
1147 1985 1179 2036 sl
1190 1983 1255 2036 altu.
1266 1983 1413 2037 Foeminino

369 2063 869 2118 -Ssssstetsssilri.SicutThiodamanti.
913 2059 1010 2138 genere
1022 2064 1095 2117 dixit.
1108 2065 1184 2116 Lacr.
1194 2063 1261 2116 Vide
1273 2081 1334 2136 pag.
1347 2063 1414 2131 60³,

367 2173 404 2186 —
413 2145 526 2198 Provida
537 2143 640 2196 dextroe.
652 2147 712 2198 Non
725 2147 810 2197 avium
824 2158 869 2197 aut
913 2159 977 2196 torn.
990 2146 1002 2197 l
1013 2145 1076 2197 Stat.
1091 2144 1138 2195 En.

368 2223 500 2274 Deorum:
518 2235 549 2273 ut
563 2221 698 2294 Virgilius,
713 2223 816 2276 AEneid.
830 2224 869 2288 X,
949 2225 1010 2293 493.
1028 2225 1075 2277 Est
1088 2225 1134 2276 ulti
1144 2223 1190 2277 dot
1199 2225 1263 2277 uim
1276 2221 1372 2275 ssr'uss'sts
1383 2221 1414 2272 u·-

369 2321 394 2354 v.
407 2300 456 2369 das
468 2322 475 2353 ι
491 2304 608 2355 sDextra
618 2303 682 2354 milri
693 2305 782 2368 Dens,
796 2317 822 2354 et
833 2316 870 2355 te·
914 2323 987 2359 mor:
1002 2324 1080 2374 ocyus
1097 2304 1188 2357 omnis.
1206 2306 1269 2374 Reg.
1284 2303 1305 2354 B
1317 2300 1415 2366 hebet,

367 2380 423 2433 lum
436 2380 509 2452 quod
523 2381 618 2434 missile
630 2381 708 2434 libro.
721 2408 733 2431 ι
753 2384 832 2434 Lacr.
915 2401 992 2454 ocyus
1004 2402 1106 2450 omnes,
1120 2396 1146 2435 et
1159 2401 1237 2453 snpra
1253 2393 1415 2448 correctum,

404 2460 465 2528 486.
475 2461 606 2514 Hortensii
607 2462 718 2533 furores.
725 2462 871 2514 'rimundus
915 2462 1013 2523 omnis,-
1028 2463 1124 2532 Remi}
1138 2476 1255 2514 nostram
1266 2459 1325 2512 leot.
1341 2459 1413 2510 Eum.

370 2559 444 2594 meus
470 2540 545 2592 furor
569 2553 679 2612 propter
699 2543 820 2593 virtutem
844 2554 871 2593 et
914 2543 1007 2595 -Est
1023 2541 1125 2594 relidat
1141 2542 1205 2594 uires
1220 2539 1413 2592 uiminstimor.

370 2621 491 2672 strictum
505 2619 637 2690 gladium,
651 2639 705 2672 non
717 2619 778 2672 illos
788 2621 871 2672 loemi·
914 2623 1085 2674 Verissimum
1099 2635 1152 2673 est:
1166 2635 1205 2688 et,
1218 2633 1247 2672 ut
1258 2617 1359 2671 ocellus
1371 2619 1415 2670 lli·

370 2715 435 2750 neos
448 2710 549 2760 motus,
567 2697 663 2769 quibus
679 2696 776 2768 Apollo
789 2696 871 2750 Thio-
914 2701 1072 2752 storicorum
1087 2701 1194 2753 Curtius
1207 2698 1308 2770 inquit,
1322 2696 1368 2750 lib.
1381 2699 1414 2762 V,

370 2774 520 2828 dementem
536 2776 660 2829 instabat.
672 2779 730 2828 Vet.
743 2775 833 2829 schot.
914 2779 947 2846 4,
962 2778 1012 2830 31:
1030 2781 1185 2850 :ignaviam
1199 2795 1306 2850 quoqne
1321 2794 1415 2830 neces·

406 2855 466 2924 487.
476 2856 519 2907 Sic
528 2855 581 2908 ait.-
592 2855 709 2910 ardentes
717 2854 805 2908 alacer
814 2873 871 2908 sesc-
915 2857 977 2909 sitas
988 2858 1072 2924 acuit,
1082 2870 1108 2910 et
1117 2877 1187 2929 saepe
1197 2856 1347 2927 desperatio
1358 2855 1415 2928 spei

369 2933 597 2987 cenditAdrnstsss.
610 2935 672 3005 fleg.
687 2936 707 2985 B
721 2933 871 3000 lsslret‚Ss‘c
915 2955 994 2989 causa
1011 2951 1059 2990 est.
1070 2961 1082 2985 ι
1101 2937 1214 2990 imbibat
1231 2938 1329 2994 sictors
1349 2949 1375 2988 et
1393 2937 1416 2986 si

369 3014 424 3066 aits
440 3013 557 3068 ardentes
566 3015 655 3068 alacer
663 3016 772 3068 succedit
785 3015 871 3068 Adra·
916 3015 966 3068 sibi
977 3018 1084 3089 suisque
1096 3017 1247 3072 consultum
1259 3015 1335 3078 velit,
1348 3033 1417 3067 nnn·

368 3102 435 3155 stus,-
447 3094 511 3164 Reg.
526 3094 548 3146 C
561 3107 679 3146 nostram
699 3093 759 3146 lect.
775 3095 821 3146 Eo.
836 3120 872 3135 -·
917 3105 995 3159 quam
1012 3107 1086 3159 spem
1100 3107 1205 3142 omnem
1222 3086 1294 3140 hosti
1311 3086 1414 3138 abscin-

369 3169 472 3222 Alucer.
483 3169 603 3223 Paullum
614 3172 727 3223 erectior
737 3189 815 3243 quam
826 3189 873 3222 sn·
917 3167 970 3220 det.
985 3169 1113 3222 Bssrtsnr.
1128 3197 1163 3210 -
1175 3169 1221 3222 Est
1236 3167 1281 3220 ott
1293 3165 1340 3218 dat
1352 3167 1416 3218 uires

370 3259 414 3312 te,
426 3245 461 3299 cb
473 3265 622 3302 successum
634 3247 798 3301 insidiarum.
917 3247 1013 3300 nimius
1034 3249 1119 3302 timor.
1143 3247 1278 3300 Sententia
1297 3244 1394 3298 nobilis
1406 3283 1415 3312 ‚

406 3325 467 3392 488.
487 3325 672 3399 Argolisinque
689 3344 776 3398 qenes.
796 3329 872 3380 Prin·
916 3343 966 3378 usu
985 3327 1112 3398 probata,
1131 3341 1273 3380 extremam
1290 3324 1416 3395 despera-

370 3423 434 3475 eeps
442 3407 499 3474 jam
509 3407 681 3476 Argivorum,
694 3418 757 3476 post
768 3405 871 3458 obitum
915 3417 1023 3478 tamque
1034 3405 1198 3460 iracundiam
1210 3402 1363 3458 cavendam.
1376 3403 1417 3456 si-

369 3485 471 3558 Tydei,
493 3486 648 3556 Polynices,
671 3486 778 3537 minime
800 3487 871 3539 enim
914 3483 983 3552 lius,
1007 3486 1052 3539 lib.
1074 3489 1104 3551 1,
1129 3505 1154 3537 r.
1182 3485 1254 3554 5092
1281 3483 1415 3536 «Clausus

370 3563 504 3615 Thebanis
523 3562 636 3616 favebat.
656 3565 714 3616 Vet.
733 3563 821 3617 Schol.
835 3594 872 3607 -
916 3579 1015 3617 acuunt
1030 3579 1145 3618 extrema
1161 3561 1269 3637 pericli,
1282 3564 1315 3615 Et
1325 3563 1416 3614 frantie

370 3644 431 3694 dem
447 3643 549 3696 tristior.
562 3643 627 3708 Vel,
644 3658 673 3696 ut
691 3647 767 3714 cujus
781 3643 872 3715 gaudii
916 3639 1418 3697 rebusviolentiorultimsvirtus.s'l's-

370 3723 471 3792 primus
480 3721 554 3774 calor
563 3721 746 3789 deferbuerat,
757 3722 797 3774 vel
809 3725 872 3795 qnia
916 3724 960 3774 cit.
972 3725 1038 3776 Hist.
1051 3722 1096 3776 lib.
1108 3725 1155 3790 lll,
1166 3723 1217 3776 60:
1231 3745 1242 3770 s
1253 3722 1316 3773 Esse
1328 3717 1415 3772 adhuc

372 3799 530 3871 previdebat
544 3804 661 3854 futurem
680 3801 872 3870 calamitatem,
915 3803 1023 3856 Vitellio
1033 3805 1112 3870 vires,
1124 3801 1273 3871 ambiguas,
1284 3801 1306 3853 si
1315 3798 1416 3854 delibe-

371 3897 422 3932 nec
435 3879 546 3951 prodere
560 3894 673 3953 poterut.
686 3913 721 3924 -·
733 3883 799 3936 Vide
811 3902 871 3955 pap.
916 3895 1020 3947 ιιι-επις
1041 3902 1131 3949 acres,
1150 3883 1174 3936 si
1195 3880 1412 3950 desperassent..

375 3974 440 4028 109,
455 3973 518 4012 tom.
531 3962 553 4012 ll
567 3965 638 4014 Poet.
652 3965 709 4015 Lat.
721 3964 785 4014 Min.
800 3964 846 4017 En.
916 3959 1053 4016 Sallustius
1064 3961 1141 4015 Catil.
1157 3961 1206 4028 58,
1220 3955 1416 4012 «Necessitudo

407 4038 467 4108 489.
477 4038 663 4111 Nouufisuem.
671 4042 812 4094 Recentem
820 4040 873 4094 ola·
916 4041 995 4093 etism
1005 4039 1111 4093 timidos
1121 4039 1203 4092 fortes
1212 4039 1286 4090 facit.
1295 4061 1306 4085 ι
1316 4037 1416 4090 Seneca

318 4168 323 4178 ,
371 4117 476 4172 demeb
487 4122 860 4192 Argivisnoetuacceptasn„
915 4117 949 4172 do
970 4119 1134 4174 Clementia:
1159 4119 1314 4172 -Acern'ma
1333 4119 1416 4166 virtus

405 4198 467 4268 490.
485 4200 638 4274 Amphion,
651 4203 821 4275 miseramque
831 4202 871 4254 s'ss-
916 4213 969 4265 est,
979 4217 1059 4271 quam
1069 4198 1160 4252 ultima
1170 4199 1312 4250 necessitas
1324 4207 1416 4248 estun·

370 4279 473 4333 tradant
480 4282 601 4354 protinus
614 4282 710 4335 sideru.
724 4285 754 4334 ln
768 4283 870 4354 optimo
915 4279 961 4332 dis.
973 4303 985 4328 ι
997 4279 1105 4353 loseph.
1118 4279 1164 4334 lib.
1176 4277 1317 4346 Vnus-0.
1330 4293 1353 4330 o.
1368 4275 1413 4328 13:
