3284 5162
602 551 743 615 menn
768 551 829 614 xr.
1071 549 1073 558 ’
1174 554 1233 642 ³9¹

245 683 411 772 Impetus,
423 693 457 744 et
468 691 576 744 totum
588 679 717 744 miseris
730 699 904 770 opponere
915 673 1055 744 bellum.

290 785 495 856 Jemdudum
508 789 604 854 terrie
613 803 768 882 eoetuque
782 786 911 854 offensa
922 791 1071 854 Deorum

245 905 368 968 Aversa
380 897 452 966 caeli
464 900 570 966 Pietas
584 899 619 964 in
630 913 726 992 parte
737 896 892 980 sedebat,

245 1017 320 1079 Non
331 1012 463 1096 habitu,
476 1035 545 1107 quo
555 1027 635 1079 nota
645 1013 757 1103 prius,
770 1035 838 1078 non
850 1033 909 1078 ore
922 1033 1057 1092 sereno,

245 1121 309 1191 Sed
323 1125 411 1190 vittis
423 1138 522 1190 exuta
533 1122 905 1216 oomam‚freternaque
916 1119 1022 1202 bella,
1189 1134 1244 1203 480

244 1234 313 1299 Ceu
325 1255 421 1298 soror
431 1231 547 1300 infelix
558 1247 784 1324 pugnantum,
796 1247 856 1298 aut
866 1233 964 1298 anxia
976 1245 1093 1311 mater,

245 1340 413 1425 Dessebat,
424 1366 620 1446 saevumque
633 1348 652 1411 J
655 1365 768 1426 ovem,
780 1348 969 1435 Parcasque
982 1356 1142 1409 nocentes

247 1452 457 1535 Vociferans,
469 1476 609 1548 seseque
621 1453 708 1547 polis
718 1469 751 1520 et
762 1451 838 1520 luce
851 1451 966 1520 relicta

214 1557 216 1564 ⁴
245 1566 489 1651 Descensuram
503 1565 629 1647 Erebo,
641 1579 675 1632 et
686 1566 816 1657 Stygios
825 1559 896 1657 jam
908 1559 1008 1630 malle
1021 1575 1171 1654 penates.

251 1672 364 1758 «Quid
374 1697 444 1754 me„
455 1676 517 1757 ait,
529 1691 568 1743 ut
578 1677 676 1742 saevis
686 1676 912 1755 animantum,
925 1696 965 1739 ac
975 1693 1064 1764 stepe
1076 1675 1240 1755 Deorum,

246 1780 461 1851 Obstaturam
471 1767 609 1870 animis,
624 1788 780 1878 princepe
792 1771 929 1866 natura,
943 1781 1100 1850 creabas?
1190 1795 1246 1862 466

246 1892 300 1960 Nil
309 1891 381 1985 jam
392 1919 454 1988 ego
466 1921 527 1992 per
538 1897 698 1992 populos,
711 1921 881 1992 nusquam
893 1897 1079 1966 reverentia
1092 1898 1210 1963 nostri.

245 2005 391 2090 Ofuror,
403 2032 425 2074 ο
437 2007 604 2092 homines,
616 2006 765 2104 diraeque
780 2005 993 2075 Prometheos
1006 2011 1111 2074 arteal

197 2189 702 2250 lemanemnenuobdlnminme-
736 2191 804 2261 liet,
814 2195 875 2266 jam
891 2189 966 2244 mille
981 2191 1105 2255 Penates,
1124 2202 1150 2242 et
1164 2207 1250 2262 eupre-

199 2287 268 2321 rere.
284 2272 412 2325 nterim.
743 2273 970 2343 correctum,jam
979 2267 1045 2322 velle
1051 2279 1171 2342 penaten
1181 2271 1247 2342 lleg.

233 2347 295 2415 456.
316 2352 458 2423 opponere.
472 2352 595 2424 Objieere
610 2371 638 2406 ee
652 2370 702 2426 pu·
745 2353 846 2405 Cnoet.
862 2348 922 2403 lect.
935 2351 981 2401 En.

197 2428 342 2498 girantibus
354 2431 486 2484 fratribus.
499 2432 624 2484 Laerten.
780 2429 842 2498 465.
867 2429 1049 2480 Animoatum.
1070 2428 1178 2480 Animae
1196 2426 1247 2480 lta·

234 2506 296 2576 457.
314 2509 476 2561 Iamdudum
497 2513 568 2564 terrie
587 2522 702 2584 oratuque
744 2510 873 2576 beatium,
883 2510 910 2562 id
920 2523 968 2575 est,
977 2506 1123 2561 hominum.
1133 2509 1248 2560 Lacr.—

199 2585 302 2657 ojfema
312 2589 433 2640 Deorum.
444 2593 473 2641 ln
484 2589 577 2642 eodem
588 2592 645 2643 Pur.
656 2609 701 2642 eo·
745 2591 784 2644 Ae
799 2610 865 2663 rupe
880 2589 994 2640 Deorum
1013 2589 1175 2641 Obstaturum
1189 2587 1248 2638 ani·

200 2663 273 2715 dice:
284 2665 386 2737 offensa
396 2667 613 2740 ἄκοπα-Κείς.
625 2671 644 2719 Β
655 2668 702 2722 ha·
746 2674 801 2726 mis.
821 2674 893 2742 Saepe
908 2671 977 2721 enim
991 2671 1078 2740 jurgia
1096 2683 1122 2721 et
1135 2682 1247 2720 conten·

200 2741 256 2809 bet,
266 2745 498 2818 coetusqroeofseasa
506 2749 627 2802 Deorum.
636 2750 700 2820 lieg.
745 2755 830 2804 tiones
845 2763 907 2801 ortae
920 2751 987 2799 inter
1000 2750 1085 2812 Deos,
1098 2750 1143 2817 qui
1155 2765 1247 2800 omnee

200 2821 222 2873 C
234 2836 303 2874 nost.
316 2823 376 2876 lert.
389 2826 436 2876 En.
745 2829 873 2898 sanguine
880 2826 1016 2897 conjuncti
1029 2840 1097 2877 sunt.
1107 2823 1174 2878 Vide
1185 2843 1246 2898 pag.

237 2899 299 2967 458.
322 2903 418 2955 Averso
441 2903 498 2956 coeli
525 2906 626 2972 Pietas,
650 2919 700 2958 ete.
746 2905 1158 2970 330,tom.l,Stat.nost.Eo.

204 2981 324 3033 =Omnee
333 2979 452 3034 meliores
460 2982 518 3034 libri
526 2983 637 3035 habent:
648 2983 702 3034 Ad·
782 2985 842 3051 466.
861 2985 892 3035 0.
902 3003 926 3034 u.
936 2983 1169 3053 princepsnamra,
1179 2998 1249 3034 erea-
1361 3011 1363 3015 ·

200 3077 285 3120 vem;
296 3057 361 3112 nihil
370 3073 457 3111 tamen
469 3062 622 3113 mutandum
633 3062 702 3113 vide·
746 3065 808 3117 bar?
819 3064 919 3116 Natura
934 3064 1012 3114 etiam
1026 3079 1153 3132 persone,
1168 3063 1246 3114 etiam

200 3149 276 3190 tura
288 3139 491 3209 Danu-fleg.
504 3139 701 3192 DhabetAuer-
746 3145 817 3209 Dea,
838 3159 892 3194 non
914 3141 995 3193 modo
1015 3141 1144 3214 sequioris
1164 3141 1248 3198 etetia

199 3238 228 3271 sa
240 3229 288 3282 eet,
297 3217 356 3270 oceli
365 3221 459 3287 Pietas,
469 3234 519 3272 ete.
527 3221 590 3292 Reg.
600 3221 622 3272 C
632 3233 701 3273 noet.
747 3223 846 3294 poetis,
856 3234 886 3272 ut
895 3219 967 3292 apud
975 3223 1104 3276 Nostrum
1112 3217 1159 3272 eed
1168 3220 1251 3274 etim

199 3297 262 3350 lect.
275 3299 462 3350 Em-Aoerm
472 3300 501 3350 io
508 3312 590 3372 pane.
601 3301 637 3352 Ut
648 3318 702 3352 uon
746 3303 814 3373 patri
825 3299 974 3372 Theologiae
986 3301 1112 3372 poetice,
1125 3297 1249 3369 Orpheo,

200 3376 702 3450 videretlratreepognantee:hooenim
746 3380 774 3432 h.
788 3399 811 3432 e.
825 3381 940 3432 Auctore
951 3382 1130 3453 llymnoram,
1143 3380 1190 3450 qui
1201 3395 1250 3430 no·

200 3457 702 3530 epectaeulonumensuumviolebetur.
722 3493 725 3501 ι
747 3479 806 3513 men
825 3458 894 3511 illud
910 3461 1059 3532 prelorum.
1082 3456 1195 3510 Pulchra
1213 3455 1251 3508 ibi

238 3536 297 3606 459.
313 3539 375 3591 Non
388 3537 486 3591 lubitu.
499 3542 561 3592 Nou
572 3539 644 3602 lota,
657 3538 704 3593 red
748 3539 845 3590 omnia.
854 3538 981 3606 Quaedam
989 3538 1075 3610 legere
1084 3538 1107 3590 ei
1117 3535 1195 3600 velie,
1206 3534 1250 3586 adi

201 3619 432 3672 tennemonn.
747 3631 837 3671 notate
854 3619 887 3670 ad
901 3619 1040 3671 Claudian.
1056 3629 1126 3669 nort.
1141 3615 1252 3668 XXXVI

237 3698 701 3772 460.Sedoittirexetacomam.Reg.
746 3697 780 3748 (le
793 3711 881 3768 raptu.
897 3699 1018 3768 Proserp.
1035 3695 1082 3748 lib.
1097 3697 1146 3761 lll,
1161 3714 1185 3747 v.
1197 3695 1251 3760 ³³,

202 3775 333 3844 Dhahet,
351 3779 387 3830 m
404 3779 473 3832 vittis
490 3791 566 3832 exuta
583 3797 703 3840 romam,
747 3793 811 3832 tom.
826 3781 937 3851 l1‚pag.
952 3780 1005 3833 256
1020 3792 1046 3831 et
1061 3779 1120 3848 257.
1135 3777 1184 3828 En.

201 3857 265 3926 neg.
279 3857 380 3908 Cnoat.
394 3854 454 3908 lert.
467 3859 512 3908 En.
784 3859 844 3930 467.
865 3858 914 3911 Nil
923 3863 984 3933 jam
1001 3877 1048 3931 eqo
1064 3874 1112 3930 per
1124 3854 1250 3928 populum

237 3937 298 4004 462.
316 3939 582 4010 SoewmqueJovem,
597 3941 702 3993 Pamm-
749 3954 873 4009 mtsqrram
892 3938 1032 3991 reverentia
1051 3937 1138 3989 nostri.
1153 3937 1217 4005 lleg.
1235 3934 1254 3984 ll

200 4035 251 4089 que
269 4029 393 4070 nocentes.
408 4016 489 4086 Quod
503 4017 556 4070 tale
572 4032 704 4071 certamen
748 4015 842 4081 habet,
857 4035 992 4089 nonquam
1005 4014 1145 4066 reverentia
1157 4013 1237 4068 nostri
1243 4034 1253 4074 ‚-

201 4099 393 4169 permitterent.
748 4098 811 4167 Reg.
827 4097 848 4149 C
862 4110 930 4150 noet.
945 4097 1005 4148 leet.
1019 4098 1068 4148 Eo.

238 4173 299 4242 464.
311 4176 495 4230 Descemurom
504 4177 602 4243 Erebo,
610 4177 706 4247 etSty·
785 4177 844 4243 468.
856 4178 879 4230 0
881 4175 968 4247 furor,
980 4171 1254 4245 olomines,diroeque

199 4257 321 4329 qiosjam
334 4255 415 4310 melle
424 4269 537 4330 protes.
549 4258 613 4329 neg.
626 4257 646 4309 D
657 4255 704 4310 he·
750 4255 918 4312 Prometheos
924 4267 997 4310 aner.
1009 4259 1077 4310 Dan.
1089 4255 1147 4306 Pur.
1161 4269 1253 4304 omnen
