3284 5162
646 516 786 578 LIBER
811 517 851 580 X.
1204 522 1268 590 335

269 638 465 707 Detrahitur
478 636 567 722 telis,
581 663 755 733 vacuoque
767 638 831 708 suh
843 663 921 708 aere
932 642 1083 732 pendens

269 749 372 817 Plana
385 748 478 818 velut
490 766 579 816 terra
592 765 704 816 certus
715 749 855 840 vestigia
867 749 966 841 figat,

269 859 408 942 Tendit,
422 876 456 928 et
467 863 595 952 ingenti
608 860 698 928 subit
709 876 907 931 oecurrente
918 863 1026 928 ruina.

268 973 385 1038 Amnis
397 989 436 1038 ut
446 970 646 1040 incumbens
658 969 802 1062 longaevi
813 970 934 1040 robora
946 976 1058 1065 pontis
1160 957 1163 963 ¹

267 1082 418 1150 Assiduia
430 1099 606 1176 oppugnat
617 1085 713 1177 aquis
728 1079 818 1175 :jam
830 1106 910 1150 saxa
922 1083 1097 1166 fatiscunt,
1215 1100 1266 1154 865

266 1195 462 1287 Emotaeque
473 1191 604 1260 trabes:
619 1209 713 1262 tanto
726 1191 903 1262 violentior
914 1191 987 1275 itte,

266 1304 363 1371 Saevit
375 1307 466 1373 enim
477 1303 606 1396 majore
618 1305 701 1386 salo,
720 1320 939 1399 quassatque,
951 1305 1121 1401 trahitque

163 1487 169 1496 ,
265 1412 390 1480 Molem
403 1438 544 1507 aegmm,
559 1437 665 1483 nexus
677 1412 785 1482 donec
797 1411 886 1482 celer
897 1415 1012 1484 alveus
1025 1441 1142 1490 omnes

264 1522 431 1610 Abscidit,
445 1543 478 1594 et
490 1551 592 1596 cursu
604 1531 713 1594 victor
725 1531 869 1619 respirat
879 1545 1008 1620 aperto.

264 1640 378 1730 thue
389 1640 492 1730 petita
506 1637 562 1705 diu
576 1635 686 1705 celsus
698 1636 830 1730 fastigia
843 1662 946 1730 supra
1212 1654 1264 1724 870

263 1749 428 1836 Eminuit,
442 1748 676 1842 trepidamque
687 1771 868 1839 assurgens
882 1748 1030 1841 desuper
1041 1749 1159 1820 urbem

234 1867 236 1874 ⁴
264 1855 371 1938 Vidit,
385 1873 419 1924 et
430 1860 557 1950 ingenti
568 1857 701 1926 Thebas
714 1860 878 1927 exterruit
889 1859 1024 1939 umbra,

265 1970 419 2060 Increpat
431 1970 610 2036 attonitos:
628 1967 851 2040 «Humilesne
864 1971 1062 2061 amphionis
1073 1993 1184 2066 arces,
1219 2015 1221 2022 ι

214 2221 375 2292 sequentibus
389 2241 514 2294 unquam.
529 2227 579 2276 «in
592 2226 644 2277 fine
656 2243 715 2276 var·
796 2224 857 2277 868.
873 2223 973 2277 Molem
985 2243 1090 2298 myram.
1103 2225 1260 2294 Invalidum,

215 2317 260 2351 sus
283 2319 343 2354 eum
365 2301 447 2356 tribus
468 2301 620 2356 melioribus
643 2303 715 2356 libris
761 2303 854 2370 etjam
870 2316 1032 2374 quassatam

214 2377 383 2433 scribendum
405 2399 541 2452 utquanm
566 2384 660 2434 Brenn.
681 2412 715 2426 -
795 2380 1259 2456 869.A.e.e.vietorrespiratapertn.

213 2459 277 2528 Reg.
287 2457 408 2523 Bhabet,
419 2459 469 2514 ltts
477 2480 523 2514 nea
531 2462 654 2535 inperitis,
663 2476 713 2514 eto.
761 2481 773 2505 ι
782 2460 802 2510 F
803 2462 859 2514 atui
868 2474 929 2512 eunt
938 2461 1060 2518 nonnulii
1071 2461 1149 2529 libri,
1160 2467 1206 2535 qui.
1214 2483 1261 2516 va-

212 2538 277 2606 Req.
288 2537 321 2603 C,
331 2538 385 2591 ttte
396 2559 442 2592 nec
456 2540 581 2612 inperitis,
595 2555 620 2595 et
632 2559 712 2613 supra
757 2539 822 2590 riam
834 2538 972 2594 lectionem
986 2555 1127 2596 annotant:
1140 2545 1258 2614 respirat,

212 2631 372 2683 correctum,
386 2619 495 2691 inqestis.
516 2622 560 2672 En.
756 2617 798 2671 vei
808 2621 950 2692 requiescit.
962 2644 972 2668 ιι
985 2623 1082 2674 Bam.
1092 2625 1258 2696 ——Iiespirat

249 2695 309 2746 863.
324 2695 430 2761 Tendit,
443 2707 469 2748 et
481 2699 581 2770 inpenti
591 2700 660 2751 subit
670 2718 713 2752 oe·
756 2698 851 2750 Libere
864 2713 981 2767 vagatur.

212 2784 331 2826 currente
342 2776 425 2828 ruina.
439 2778 500 2846 Req.
512 2777 633 2844 Rheba,
646 2779 713 2832 Ten·
792 2779 853 2847 870.
876 2779 961 2852 thue
972 2781 1056 2851 petita
1067 2779 1113 2832 diu
1124 2781 1205 2834 celsus
1211 2782 1258 2852 fa·

212 2849 264 2918 dit,
273 2863 297 2902 et
305 2853 405 2927 inperiti
415 2856 496 2907 nebito
504 2867 651 2908 ocean-rente
661 2858 712 2910 rni-
755 2855 831 2928 stipia
845 2875 932 2927 snpra.
945 2858 1009 2928 Req.
1025 2859 1045 2909 B
1059 2856 1156 2926 habet,
1176 2860 1259 2930 thue

212 2950 262 2992 nm
276 2933 340 3004 fleg.
355 2935 506 2988 Cnostram
520 2935 580 2988 leet.
600 2937 645 2988 En.
753 2934 908 3003 pentadio,
923 2948 974 2988 etc.
988 2938 1052 3005 Reg.
1066 2935 1179 2990 Cnostr.
1195 2937 1256 2990 leat.

247 3011 307 3077 864.
325 3011 418 3064 Arnnis
432 3027 462 3066 ut
478 3015 632 3067 incumbens.
649 3017 709 3068 Hac
753 3013 934 3067 En—Pertra
944 3014 1073 3068 diu.Cum
1084 3015 1258 3085 magnnlabo·

210 3095 376 3160 comparatio
394 3093 496 3166 Gnyeto
514 3107 636 3164 suspecta
654 3108 708 3161 est,
754 3109 799 3156 re,
817 3105 927 3162 propter
947 3091 1094 3163 catapultas
1113 3106 1139 3145 et
1159 3094 1256 3150 fundae

210 3167 257 3220 sed
272 3168 399 3222 mihinon
414 3171 581 3225 incommoda
597 3170 708 3226 videtur.
755 3171 892 3236 hostium,
916 3172 962 3242 qui
989 3190 1020 3222 ex
1046 3170 1256 3228 omnibus·loeis
1336 3177 1341 3198 ⁶

246 3247 307 3302 865.
315 3249 656 3322 Assiduisoppnqnatnquis.
666 3253 710 3304 As·
755 3249 942 3302 ascendentem
955 3249 1142 3321 impediebant,

207 3327 288 3382 siduis
298 3329 436 3402 impupnat
446 3349 514 3384 unus
526 3329 620 3383 Beiiot.
789 3332 850 3398 871.
869 3331 997 3384 Eminuit,
1018 3330 1134 3382 Emicuit
1151 3332 1256 3402 optime

245 3409 306 3478 867.
326 3409 406 3462 Soevit
430 3411 500 3463 enim
523 3413 620 3481 majore
644 3410 707 3464 soie.
752 3407 853 3460 Barthii
870 3409 1041 3471 membranam
1055 3408 1171 3468 Exsiluit
1188 3409 1255 3464 alter

207 3489 293 3541 Sentit
310 3491 380 3541 enim
399 3493 456 3541 Put.
480 3492 561 3542 sDuo
576 3487 708 3544 membra·
753 3488 838 3541 codex
851 3489 978 3558 ejusdem.

208 3570 284 3618 nacei
300 3581 399 3620 veteres
415 3569 474 3620 libri
490 3587 545 3620 non
561 3581 709 3638 agnoscunt
789 3569 849 3636 872.
864 3570 979 3642 Ingenti.
990 3569 1060 3638 Quia
1069 3581 1173 3622 staturae
1183 3568 1254 3624 reiut

208 3646 279 3700 hunc
300 3667 411 3700 versum.
432 3649 559 3719 Agnoscit
577 3650 707 3720 optimus,
753 3646 885 3716 Giganteos
897 3647 1045 3718 Capaneus.

208 3739 235 3778 et
242 3729 463 3798 optimeqnidem.
474 3729 534 3780 Non
543 3730 613 3780 enim
621 3741 709 3798 potest
788 3726 849 3794 873.
868 3727 990 3796 Increpat
1004 3728 1140 3780 attonitos:
1156 3725 1254 3778 Humi·

207 3806 349 3857 commode
361 3807 470 3872 abesse,
487 3820 512 3859 et
524 3818 564 3858 est
580 3804 709 3858 eruditior
753 3803 821 3858 ieme
830 3805 987 3876 Amphionis
998 3824 1074 3858 arces.
1084 3806 1207 3876 Increpat
1216 3817 1254 3858 at·

208 3904 287 3954 quem
294 3905 343 3956 pro
352 3888 471 3939 insititio.
482 3909 491 3932 ι
504 3883 706 3940 usura—sato.
754 3884 863 3938 renites.-
876 3885 959 3936 Hoene
974 3882 1027 3936 itte
1038 3883 1195 3956 Amphionis
1208 3903 1252 3936 ar-

206 3965 314 4017 Pootico
328 3986 376 4038 pro
391 3985 518 4038 aquarum
536 3979 562 4018 et
575 3965 707 4018 undarunt
752 3981 792 4016 oes
805 3964 908 4033 optimae
922 3962 1020 4016 Barthii
1037 3961 1202 4014 membrana.
1217 3993 1253 4002 -

206 4043 286 4096 nwie.
300 4047 370 4116 virg.
382 4048 440 4098 AEo.
457 4048 484 4112 1,
498 4065 522 4097 v.
537 4046 603 4116 537:
623 4046 706 4096 nPer-
751 4041 902 4094 Humiiesne
915 4042 1071 4113 Amphionis
1085 4059 1161 4094 orces.
1179 4041 1253 4114 Legit

205 4141 259 4194 que
273 4122 358 4177 undas
371 4140 514 4196 superante
526 4125 596 4190 saio,
607 4143 706 4195 perque
753 4120 915 4193 Peyraredus
929 4131 1007 4186 ortes,
1024 4134 1049 4172 et
1061 4119 1116 4172 vnit
1127 4119 1251 4188 humiles,

205 4202 490 4274 inviasaanispulit.n
753 4203 805 4252 sive
818 4200 957 4270 despectas
970 4214 1053 4266 artes,
1064 4199 1146 4270 lyram
1158 4219 1222 4252 esse,
