3194 5156
395 527 460 594 550
606 529 640 590 P.
667 527 703 591 P.
729 525 883 591 STATll
909 523 1228 590 ACHILLEIDOS

441 654 568 738 Stabat,
584 671 618 722 et
631 653 814 722 admissum
830 650 912 720 caelo
926 674 1063 718 nemus:
1079 647 1182 742 hujus
1196 653 1232 717 in
1247 651 1366 719 umbra

440 764 616 832 Alternum
631 787 788 832 revocare
803 765 866 856 piae
878 764 1062 829 Trieterica
1075 778 1198 828 matres
1387 772 1436 844 59⁵

441 879 667 957 Consuerant,
681 875 891 966 suissumque
903 893 1024 964 pecus,
1037 887 1194 965 terraque
1206 869 1356 938 revulsas

443 991 543 1054 Ferre
555 983 682 1064 trabes,
694 998 874 1078 gratosque
885 985 956 1048 Deo
969 997 1129 1073 praesture
1143 979 1284 1047 furores.

442 1100 510 1164 Lex
522 1094 641 1189 procul
655 1097 703 1162 ire
717 1116 845 1162 mares:
861 1094 958 1160 iterat
968 1109 1137 1184 praeoepta
1150 1089 1318 1160 verendus

433 1281 492 1352 594.
511 1282 618 1347 Stabat,
637 1295 663 1334 et
679 1279 817 1334 admissum
832 1279 896 1334 coelo
940 1280 1105 1332 sumserunt
1124 1279 1298 1332 inhonorem
1314 1279 1361 1330 Dei
1379 1279 1442 1330 Bao·

396 1381 494 1415 nemus.
517 1360 622 1413 «Barde
643 1361 762 1425 laniunt,
777 1362 822 1432 qni
839 1379 896 1412 roa·
940 1355 1067 1426 obantes,
1086 1359 1163 1431 eique
1181 1378 1229 1430 per
1248 1371 1331 1410 eunus
1348 1355 1441 1408 sacrifi·

395 1437 454 1490 lunt
473 1437 626 1500 admistum
641 1437 706 1490 illud
722 1440 793 1490 enim
812 1451 852 1490 est
869 1440 896 1488 in
940 1451 1031 1490 canter
1044 1438 1157 1511 hymnos
1167 1451 1194 1491 et
1204 1451 1298 1490 cantus
1308 1447 1441 1489 renovant.

395 1519 511 1589 seriptis,
526 1531 551 1570 et
563 1517 642 1588 longe
652 1517 835 1586 ποικιιόπμι.
847 1543 858 1565 ι
976 1516 1037 1586 596.
1050 1519 1220 1583 consuerant,
1234 1519 1387 1588 scissumque
1396 1533 1444 1586 pe·

431 1597 820 1666 595.Alterrrumreuoearepioe
829 1595 897 1646 Trie-
941 1615 993 1649 eut.
1013 1600 1070 1648 Pur.
1091 1599 1248 1670 spinamque
1265 1615 1356 1668 pecusr
1378 1593 1444 1646 aliua

395 1678 473 1730 terico
498 1690 599 1730 matres.
624 1676 740 1745 Quidam
763 1675 894 1728 Codices:
940 1675 1128 1746 lindenbrogii
1158 1675 1262 1806 elder:
1293 1691 1446 1746 socrumque

393 1755 510 1808 Altemoe
532 1773 664 1808 renovare.
687 1757 809 1808 fortasse
833 1755 897 1807 son'-
939 1757 1171 1826 pecut.—lleg.ll
1201 1755 1447 1824 ubet,spissumqroe

394 1833 511 1886 bendum
524 1856 530 1885 :
552 1834 688 1886 Alternum
710 1851 827 1886 reuocare
844 1834 897 1905 pie
938 1854 1029 1906 pecus5
1041 1835 1104 1906 lleg.
1117 1837 1138 1888 C
1151 1849 1268 1886 nostram
1279 1835 1338 1886 lect.
1353 1834 1399 1884 En.
1411 1859 1447 1870 —

398 1913 540 1966 Trieterido
557 1925 657 1966 matres.
673 1911 744 1966 Solet
758 1917 828 1966 enim
847 1915 897 1964 Pa·
940 1913 1101 1989 Scirnsmque
1111 1933 1198 1986 penu,
1212 1925 1328 1986 terreque
1340 1909 1450 1964 revulsas

397 1992 486 2062 pinius
502 1992 646 2045 Trieterido
664 1991 753 2046 dicere
769 2011 819 2065 pro
835 1996 900 2044 trie·
945 1997 1020 2048 Ferre
1038 1997 1126 2049 trabes.
1145 1997 1274 2047 Furentes
1294 1995 1365 2047 enirn
1382 1992 1450 2042 Bac-

356 2111 364 2126 .
398 2074 495 2125 teriois.
504 2073 587 2126 Theb.
597 2077 697 2144 lV,7ao
708 2097 714 2125 ι
726 2097 736 2119 ι
747 2088 773 2126 et
789 2087 845 2126 atra
857 2093 901 2126 sa·
946 2073 1001 2126 obe
1015 2093 1114 2144 pecora
1133 2073 1285 2138 laniabant,
1304 2070 1450 2123 vellebant·

399 2171 474 2204 crum
495 2154 588 2208 recolit
602 2157 713 2208 trieteris
732 2154 899 2226 Ophelten..
947 2173 999 2226 que
1013 2155 1129 2208 arbores.
1146 2155 1187 2208 Sic
1205 2153 1250 2206 lib.
1268 2155 1313 2218 lv,
1331 2153 1402 2220 659,
1420 2152 1450 2202 in

398 2233 456 2284 Lib.
474 2235 533 2298 Vll,
548 2235 600 2303 93:
622 2237 682 2287 «Da
693 2276 700 2302 ,
712 2255 808 2306 parre,
826 2249 901 2288 tuum
946 2233 1127 2306 descriptione
1136 2231 1379 2296 exercitusBaeebi,
1388 2233 1453 2282 Poe·

399 2313 530 2365 trieteride
541 2313 621 2366 multa
634 2316 784 2367 instaurare
795 2313 898 2368 diem·
947 2327 973 2364 ta
985 2314 1087 2385 iuquit:
1103 2315 1186 2364 «Post
1203 2311 1351 2364 exultantes
1363 2307 1453 2380 spolia

398 2389 456 2442 Lib.
468 2393 570 2458 1x‚480
580 2412 586 2442 :
598 2410 697 2463 equum
707 2392 834 2444 Bacchica
846 2411 902 2444 mu·
946 2391 1101 2444 armentalia
1113 2404 1234 2462 portant,
1247 2391 1453 2461 Seminecesque

399 2469 436 2538 git
446 2471 546 2535 lluxus,
557 2484 582 2520 et
591 2471 687 2522 insonte
694 2469 829 2522 maculant
839 2471 902 2522 trie·
945 2471 1045 2544 lupos,
1061 2473 1208 2543 scissasque
1223 2469 1389 2522 Mimallones
1407 2487 1455 2520 ur-

400 2547 484 2600 terido
493 2561 599 2600 matres.
608 2573 619 2595 ι
632 2547 718 2614 Silius,
729 2548 773 2600 lib.
785 2549 829 2613 lv,
841 2549 901 2620 776,
949 2573 1021 2606 sesa
1036 2583 1072 2593 —
1084 2553 1243 2624 Scissumque
1254 2569 1342 2624 pecus.
1357 2553 1456 2602 Utrum

403 2627 524 2680 «Edonis
539 2640 568 2678 ut
580 2629 689 2698 Pangaea
701 2647 781 2699 super
792 2629 904 2680 trieteri·
949 2644 1137 2703 tympanaque
1147 2628 1455 2700 expellibuscooficiun-

402 2706 435 2760 de
453 2721 525 2758 mota
544 2708 564 2758 lt
573 2708 654 2778 juga,
673 2721 699 2760 et
714 2707 846 2760 inclusum
861 2726 905 2760 su·
949 2711 1085 2762 turlNam
1100 2709 1187 2776 tibiis,
1202 2710 1456 2781 tympanis,tintin-

401 2788 485 2860 spirat
493 2800 601 2858 pectore
609 2785 751 2839 Bacchum.
761 2812 772 2834 ι
785 2787 905 2840 Trieteri·
949 2789 1108 2862 nebulisque
1126 2789 1253 2842 sacrificia
1272 2787 1369 2841 Bacchi
1384 2785 1457 2840 eele-

400 2885 560 2935 cavero,seu
567 2866 905 2933 Trieterisdicitnrsncrum,
949 2868 1072 2936 bruatur,
1079 2867 1150 2921 unde
1160 2869 1284 2930 inferius,
1297 2891 1309 2915 ι
1319 2867 1458 2920 Bacchea·

402 2945 476 3019 qnod
488 2949 566 3000 tertio
582 2966 689 3019 quoque
707 2967 776 2998 anno
790 2946 906 3000 celebra·
950 2949 1315 3022 queterga,rnitrauquelluo
1327 2949 1428 3013 tuleris,
1438 2972 1452 2994 ι

401 3040 454 3094 tur,
465 3040 494 3078 ut
506 3029 578 3097 orgia
589 3026 695 3078 Bacchi.
704 3056 740 3066 -
749 3029 812 3096 Reg.
826 3027 846 3077 B
858 3025 906 3076 ha·
949 3030 976 3082 id
989 3044 1028 3084 est
1040 3045 1177 3103 tympana,
1192 3047 1225 3080 an
1238 3027 1363 3080 nebridas
1375 3025 1457 3078 intel-

400 3105 461 3172 bet,
474 3105 610 3156 Alternum
622 3125 744 3158 monuere
753 3108 804 3176 pire
818 3106 907 3172 triety·
949 3109 1021 3179 ligii:
1041 3127 1103 3160 nam
1122 3105 1236 3178 pellibus
1255 3125 1393 3160 cervorum
1414 3107 1457 3156 in-

401 3183 458 3236 n'do
474 3195 582 3245 mattea
596 3186 660 3255 neg.
678 3185 700 3236 C
714 3199 831 3237 nostram
845 3184 903 3236 lect.
951 3189 1043 3240 cinctae
1055 3184 1176 3240 mulieres
1188 3203 1263 3238 saera
1278 3182 1458 3254 peragebant,

400 3261 447 3314 En.
458 3291 493 3302 -—
502 3263 649 3314 Trieterica.
664 3263 742 3315 Sacra
756 3276 829 3316 erant
842 3263 904 3314 Bao·
951 3267 1022 3338 quod
1034 3267 1095 3318 ideo
1106 3264 1251 3330 faciebant,
1264 3283 1312 3330 ne,
1322 3277 1352 3314 ut
1363 3261 1459 3316 scribit

401 3339 461 3407 chi,
483 3342 518 3392 ita
540 3338 725 3407 denominata,
741 3340 905 3413 quodquam
949 3346 1062 3412 Plinius,
1076 3344 1236 3397 dormientes
1251 3361 1333 3414 supra
1344 3361 1387 3396 eas
1402 3361 1459 3394 ser-

401 3418 521 3474 Baoohns
540 3423 568 3472 in
588 3419 689 3473 lodium
709 3440 769 3474 cum
789 3423 905 3474 exercitu
949 3431 1068 3500 pentium
1082 3443 1205 3480 accessus
1217 3427 1348 3478 timerent.
1363 3426 1434 3476 llnrr.

400 3500 904 3573 transisset,trienniopostmultisoum
986 3503 1046 3574 597.
1066 3505 1130 3558 Deo.
1154 3503 1267 3556 Buooho.
1284 3531 1322 3544 -
1338 3503 1458 3554 Furores.

401 3579 492 3650 spoliis
507 3583 533 3631 in
553 3581 679 3632 neoniam
697 3580 786 3647 rediit,
800 3583 904 3652 primus
948 3584 1018 3636 Nam
1031 3585 1104 3636 furiis
1117 3583 1218 3654 agitatre
1230 3578 1394 3644 ferebantur,
1408 3595 1458 3628 uu·

400 3660 518 3711 omnium
531 3659 695 3732 triumphans
708 3659 850 3732 elephanto
863 3663 905 3712 ln·
949 3661 982 3714 de
997 3661 1129 3715 Maenades
1142 3661 1219 3713 diotae
1231 3674 1292 3712 aunt
1309 3678 1325 3712 a
1337 3659 1458 3724 μυίιμιι

400 3737 461 3790 dieo
472 3753 571 3792 vectus.
580 3740 656 3792 Unde
666 3743 759 3793 Boeotii
766 3743 903 3812 ceterique
948 3741 1028 3794 verbo
1041 3743 1146 3804 Graeco,
1159 3739 1232 3812 quod
1242 3737 1459 3810 signifieatfisro.

399 3815 498 3885 Graeei,
514 3817 629 3870 Thraces
649 3838 775 3890 quoquo,
797 3822 824 3872 in
847 3839 903 3872 me·
985 3821 1045 3890 598.
1065 3823 1118 3874 lex
1127 3819 1221 3892 procul
1233 3822 1269 3872 ire
1283 3836 1373 3870 maret.
1388 3818 1459 3887 lieg.

400 3899 511 3948 moriam
524 3897 697 3970 expeditionis
716 3898 811 3950 ludicre
827 3917 902 3950 sacra
949 3901 970 3951 C
990 3899 1088 3967 babet,
1110 3903 1164 3954 lies·
1180 3898 1275 3970 procul
1294 3899 1331 3950 ire
1352 3915 1435 3949 mares
1446 3917 1460 3958 ‚-

399 3976 543 4028 Trieterioa
556 3979 580 4028 ei
590 3978 777 4042 instituerunt,
792 3975 863 4028 unde
875 3979 901 4030 ‘m
946 3980 1010 4050 Reg.
1031 3979 1052 4030 C
1070 3992 1189 4032 nostram
1208 3977 1270 4030 leet.
1284 3978 1333 4028 Eo.
1347 4005 1382 4018 -
1401 3976 1462 4028 lex

398 4053 602 4128 multiuuGrreciae
612 4056 723 4110 urbibus
741 4060 819 4110 tertio
833 4077 902 4130 quo·
944 4059 1038 4130 procui
1049 4061 1085 4126 ire
1096 4077 1187 4112 mores.
1200 4057 1266 4112 Solae
1279 4059 1350 4110 enim
1362 4054 1461 4108 mulie·

397 4152 450 4204 que
474 4153 545 4186 anno
572 4136 694 4190 mulieres
719 4139 901 4207 conveniunt,
946 4136 1057 4191 reshrec
1071 4156 1144 4190 soora
1162 4135 1352 4201 celebrabant,
1368 4136 1461 4206 iisqne

397 4213 469 4282 apud
482 4233 547 4284 quos
564 4215 597 4268 de
613 4235 685 4269 more
701 4221 814 4291 virgines
828 4217 901 4290 thyr-
946 4221 1071 4273 interesse
1081 4217 1262 4290 subgravibus
1271 4219 1358 4290 poeuis
1367 4231 1464 4267 mares
