3194 5156
446 557 510 622 582
655 559 690 620 P.
716 558 752 620 P.
778 555 1285 626 STAT11AOH11.LEIDOS

489 689 546 752 lle
557 681 675 754 Thetis
686 683 781 756 alma
787 682 881 754 dedit
896 712 904 752 ε
918 701 953 754 te
964 685 1095 780 pridem
1104 702 1200 763 tauta
1212 685 1370 756 manebat

490 793 625 864 Gloria:
640 797 821 889 quaesitum
830 798 954 864 llanais
965 811 1002 864 tu
1015 799 1119 864 mittis
1130 795 1312 880 Achillem,
1432 825 1472 861 220

490 909 624 976 Gratior
635 923 669 976 et
679 905 818 999 magnos,
831 911 858 976 si
872 907 923 976 las
935 907 1074 992 dixisse,
1086 926 1242 1002 parente,

491 1023 533 1087 Et
546 1017 636 1086 dulci
648 1017 793 1086 Chirone
804 1017 888 1087 mihi
902 1047 909 1086 ι
926 1017 985 1088 sed
998 1019 1099 1089 corda
1113 1045 1299 1116 parumper

490 1127 1407 1227 Hucadvertelibens,atquehasbonusaccipevooes.

490 1245 541 1308 Te
553 1239 672 1309 Peleus
683 1256 763 1308 nato
777 1263 950 1324 socerum,
962 1258 997 1310 et
1006 1241 1123 1312 Thetis
1135 1242 1267 1336 hospita
1276 1242 1435 1338 jungunt,

491 1349 714 1444 Allegautque
725 1373 805 1420 suos
818 1367 995 1446 utroquea
1010 1355 1175 1444 sanfflrine
1187 1357 1300 1423 Divos.
1434 1364 1475 1418 225

490 1465 601 1528 Unam
614 1464 764 1552 virgineo
775 1479 932 1531 natarum
943 1485 984 1530 ex
996 1466 1129 1556 agmine
1141 1481 1297 1558 poscunt.

490 1575 620 1639 Dasne?
632 1595 677 1638 an
689 1595 752 1640 nos
766 1570 910 1640 humiles
921 1572 981 1641 tihi
993 1571 1245 1670 degeneresque
1258 1571 1427 1642 ridemur?

491 1685 566 1750 Non
578 1684 694 1750 renuis
709 1708 717 1748 :
726 1680 832 1775 junge
843 1707 923 1776 ergo
935 1707 1073 1766 manus,
1085 1701 1119 1754 et
1132 1689 1272 1780 concipe
1283 1683 1411 1766 fedus,

490 1797 601 1887 Atque
614 1794 750 1884 ignosce
762 1795 829 1862 tuis
846 1819 853 1860 :
868 1795 967 1862 tacito
976 1791 1048 1886 jam
1059 1798 1192 1888 cognita
1204 1797 1295 1864 furto

492 1902 664 1972 Deidamia
676 1902 758 1974 mihi
773 1930 779 1971 :
794 1906 869 1999 quis
882 1908 971 1974 enim
984 1905 1036 1975 his
1048 1905 1181 1976 obstare
1192 1907 1342 1986 lacertis,
1437 1917 1481 1970 ²³0

445 2105 835 2162 sibi'l'ethissetraudomcum
851 2107 946 2180 puellis
1029 2111 1090 2178 224.
1114 2112 1151 2165 Te
1167 2109 1263 2163 Peleus
1286 2120 1348 2162 uate
1369 2125 1481 2163 merum.

445 2187 499 2238 suis
513 2184 672 2254 tradiderat,
688 2205 753 2260 ergo
769 2209 775 2240 s
793 2187 895 2240 dimitte
914 2189 948 2240 u·-
992 2189 1056 2262 lleg.
1072 2190 1218 2262 Bprelset‚
1234 2187 1328 2241 Peleus
1343 2201 1369 2242 te
1381 2200 1441 2240 ueto
1451 2203 1483 2238 se·

443 2283 551 2319 morem.
565 2268 689 2320 Burrus.
993 2288 1093 2334 cerum
1110 2273 1173 2344 fleg.
1192 2271 1214 2323 G
1232 2284 1349 2323 nostram
1371 2270 1430 2322 leet.
1445 2269 1483 2318 liu.

481 2361 541 2413 ²¹9·
550 2347 595 2396 Me
605 2345 693 2398 Thetis
699 2343 771 2397 ulma
778 2345 856 2398 dedit.
865 2345 947 2418 Regg.
992 2379 1028 2390 -
1041 2351 1079 2403 Te
1092 2350 1186 2404 Peleus
1199 2363 1261 2404 nuto
1272 2369 1398 2403 soeemm.
1413 2349 1484 2400 Certi·

444 2427 465 2477 n
478 2437 505 2477 et
515 2427 553 2492 C,
569 2427 615 2478 Me
626 2425 698 2479 dedit
708 2425 780 2478 alma
792 2427 887 2480 Thetis.
901 2430 947 2480 En·
993 2429 1044 2484 lico
1055 2445 1097 2498 te,
1109 2431 1183 2504 quod
1193 2431 1298 2484 volente
1311 2445 1389 2503 petre
1401 2445 1426 2482 et
1436 2447 1484 2479 ms·

444 2503 676 2578 -Tautaploriu
689 2504 844 2558 iuveniliter
853 2506 949 2578 gloris-
991 2522 1031 2563 tre
1046 2531 1104 2564 mea
1122 2525 1151 2564 tu
1170 2531 1245 2564 socer
1261 2510 1389 2577 mihies,
1404 2523 1429 2562 et
1443 2525 1484 2579 ego

444 2597 500 2650 tur,
514 2603 545 2637 ex
556 2585 667 2640 aliorum
679 2583 712 2638 ds
727 2603 754 2637 se
767 2587 946 2640 estimatione.
992 2607 1050 2642 rum
1061 2611 1142 2662 gener
1155 2591 1211 2644 tibi.
1224 2595 1288 2643 Ver.
1299 2591 1396 2644 Sciron.

481 2690 541 2726 nur.
563 2673 668 2726 Grotior
689 2683 715 2726 et
733 2691 830 2746 meque
851 2673 889 2745 (si
902 2673 948 2746 fus
1028 2673 1088 2726 225.
1117 2675 1232 2747 Utroque
1251 2693 1267 2725 a
1284 2673 1420 2748 sanquine.
1440 2671 1486 2721 lle·

444 2751 549 2822 elisisse)
561 2763 680 2825 parente.
698 2753 838 2806 Grotiores
856 2753 945 2804 Peter.
992 2769 1066 2804 reum
1079 2753 1177 2806 seilicet
1191 2754 1345 2822 asnoguine
1358 2765 1486 2814 materno,

444 2844 470 2886 et
488 2845 564 2885 vetus
579 2833 663 2886 codex
682 2833 817 2885 Bernartii.
831 2861 870 2872 -
883 2833 946 2903 ling.
991 2831 1083 2884 Jorern
1094 2850 1158 2885 rero
1171 2833 1324 2902 sunguine
1335 2846 1457 2903 paterno.

444 2911 575 2980 Bhabet,
592 2913 669 2986 sifus
686 2911 778 2966 dixisse
794 2923 947 2983 parentem,
1029 2929 1089 2982 ²²7·
1117 2913 1230 2966 Dusae?
1253 2931 1288 2964 un
1310 2929 1356 2964 nos
1374 2909 1487 2963 humiles.

443 2993 508 3060 Refl.
522 2992 544 3043 C
559 3005 676 3044 nostram
693 2990 753 3043 leet.
771 2991 817 3044 En.
830 3019 869 3032 ·-
882 2993 948 3043 Gru·
991 2991 1055 3060 neg.
1066 2991 1087 3041 n
1097 2988 1193 3054 habet,
1208 2991 1315 3042 Dusae?
1330 3007 1431 3062 nuperis
1447 2987 1490 3038 Au·

444 3069 508 3122 tior.¹
526 3071 567 3122 Tu
589 3072 688 3142 gratior
706 3067 769 3121 mihi
788 3071 847 3141 ipso
867 3068 946 3122 Peleo
991 3067 1436 3140 mtte551teg.C,Dasneaqe,m
1449 3066 1490 3118 tu

444 3161 559 3220 patre-et
572 3147 766 3216 Chirone,hoe
779 3149 849 3200 enim
861 3147 943 3220 plor-i-
991 3148 1074 3202 miles.
1095 3149 1142 3201 liu.
1158 3177 1195 3190 -·
1213 3149 1405 3222 Depenemque
1426 3144 1490 3196 eide·

445 3245 517 3279 urum
542 3230 630 3300 potuit
653 3228 735 3280 lenire
760 3229 816 3297 ejus
839 3229 944 3280 iraouu-
991 3230 1069 3279 mur?
1086 3229 1170 3297 Quasi
1190 3228 1278 3295 dieat,
1300 3247 1355 3280 non
1376 3226 1491 3282 ridemur

444 3308 525 3360 diam.
549 3311 672 3361 Bararus.
691 3337 728 3350 -
748 3307 872 3374 Gratius,
895 3320 945 3361 ete.
991 3305 1143 3378 degeneres.
1158 3307 1281 3360 sarasar.

443 3389 498 3440 Cur
509 3407 562 3439 uon
577 3387 683 3440 sudium
696 3401 827 3452 veterem,
843 3389 948 3458 egregia
1029 3386 1158 3440 uhtvon
1171 3389 1269 3440 renuis:
1277 3389 1432 3460 juuqeerqu
1442 3402 1492 3435 ese·

445 3466 583 3538 emphasis
597 3468 705 3520 Grotior
719 3487 744 3521 es
759 3469 876 3540 meque?
889 3467 949 3519 Ber·
993 3487 1056 3534 nus,
1078 3481 1128 3519 etc.
1149 3467 1303 3534 Silentium,
1326 3481 1353 3518 et
1375 3465 1492 3518 habitum

443 3559 514 3598 nert-
533 3575 570 3588 -
587 3546 708 3598 Parente.
734 3545 820 3597 Peleo.
843 3575 876 3588 -
900 3541 949 3600 Fas
991 3545 1161 3618 Lycomedis,
1175 3547 1331 3618 vultumque
1346 3563 1403 3598 uon
1421 3561 1492 3596 arer-

444 3627 543 3679 dixisse
554 3628 649 3694 Quina
663 3641 752 3698 putre,
763 3644 794 3678 eo
806 3625 879 3697 quod
892 3644 947 3679 esse
992 3641 1049 3676 sum
1057 3642 1108 3696 pro
1116 3643 1248 3678 consensu
1256 3625 1353 3695 accipit
1365 3623 1492 3683 Achilles,

444 3706 606 3774 habeamus,
620 3711 732 3762 maxime
744 3709 862 3760 omnium
871 3707 949 3760 debe·
992 3706 1182 3778 eoquepignus
1193 3705 1373 3774 ejusdertram
1382 3703 1492 3774 flagitat.

444 3805 511 3840 mus.
524 3788 680 3838 Mirantur.
1029 3783 1087 3835 230.
1102 3783 1134 3833 D.
1147 3801 1182 3834 m.
1195 3785 1254 3855 quis
1265 3782 1335 3834 euim
1349 3780 1389 3835 Ais
1401 3783 1495 3835 οὐςίαη

481 3881 540 3917 aaa.
564 3865 683 3918 Chirone.
706 3865 760 3934 Qui
779 3865 828 3915 luit
850 3882 948 3935 praeoe-
992 3860 1102 3914 lacertis.
1117 3861 1180 3932 lieg.
1200 3859 1494 3933 Bhahet‚quideuist

443 3958 505 4018 ptor
518 3947 563 4017 qni
575 3945 636 3997 loco
648 3947 729 4016 putria
739 3942 865 4010 habetur,
876 3943 947 3995 unde
993 3939 1032 3992 lris
1043 3940 1260 4002 obstareleeertisf
1270 3941 1334 4012 lleg.
1344 3939 1496 3993 Ceamdcm

444 4021 595 4074 Alexander
614 4021 709 4074 solitus
725 4035 789 4073 erut
808 4021 898 4073 dicere
917 4039 946 4072 se
990 4019 1051 4072 lect.
1067 4023 1113 4073 Eu.
1124 4049 1160 4062 -
1171 4021 1232 4091 Quis
1248 4019 1287 4072 lu's
1303 4020 1402 4072 obstare
1417 4019 1495 4072 lacer·

442 4107 527 4174 magis
536 4102 635 4156 dehere
645 4099 788 4164 Aristoteli,
796 4119 877 4173 quam
887 4099 947 4152 Phi·
991 4101 1030 4154 tis.
1044 4101 1085 4152 Ab
1096 4099 1276 4153 imbecillitate
1288 4119 1365 4154 sexus
1376 4099 1495 4172 puellam

442 4179 532 4250 lippo,
547 4179 621 4252 quod
636 4199 651 4232 a
665 4191 741 4252 patre
753 4197 810 4232 esse
826 4192 946 4245 tanturn,
991 4178 1497 4251 moueatomueminseculpumtreus-

442 4276 458 4309 a
471 4273 635 4332 praeceptore
646 4258 717 4314 bene
728 4275 785 4314 esse
791 4260 945 4332 accepisset.
990 4262 1086 4316 tereus.
1100 4261 1222 4314 Βυτιιιι.
