3284 5162
613 519 756 582 nraan
780 519 840 582 xr.
1186 523 1250 612 397

252 649 400 713 Venator
411 641 557 737 pallens,
569 643 775 736 canibusque
788 642 917 710 silentia
931 643 1060 714 suadet.

252 759 305 834 Sic
317 755 405 823 avidi
418 758 614 822 incurrunt:
628 751 783 822 necdum
797 752 907 820 letalia
919 757 1062 823 miscent
1200 771 1253 826 535

253 865 419 947 Vulnera,
433 866 491 933 sed
503 881 631 958 coeptus
643 867 778 957 sanguis
793 891 800 932 ε
813 865 1010 960 facinusque
1023 883 1207 959 peractum.

254 981 323 1043 Nec
331 973 401 1068 jam
414 999 499 1068 opus
512 993 563 1042 est
574 977 681 1042 Furiis
695 1001 702 1042 :
717 991 847 1042 tantum
861 977 1041 1054 mirantum,
1054 993 1088 1044 et
1098 977 1232 1047 adstant

255 1086 458 1169 Laudantes,
471 1085 714 1179 hominumque
724 1085 841 1153 dolent
852 1085 930 1178 plus
941 1111 1040 1178 posse
1053 1087 1195 1156 furores

255 1200 377 1264 Fratris
389 1214 531 1290 uterque
543 1196 658 1264 furens
670 1197 763 1288 cupit
774 1195 973 1290 a'ffectatque
985 1219 1156 1282 cruorem,

255 1310 298 1372 Et
310 1310 415 1374 nescit
426 1330 564 1374 manare
576 1330 676 1374 suum
690 1333 697 1373 ε
711 1305 847 1374 tandem
859 1309 956 1374 irruit
968 1306 1080 1390 exsul,
1202 1319 1255 1386 540

255 1422 483 1512 Hortatusque
495 1441 649 1499 manum,
662 1420 716 1485 cui
729 1417 845 1484 fortior
856 1419 921 1497 ira,
932 1419 1092 1513 nefasque

255 1529 399 1619 iustius,
411 1525 478 1594 alte
490 1549 603 1593 ensem
616 1528 765 1619 germani
777 1527 811 1592 in
824 1549 964 1618 corpore
976 1531 1112 1620 pressit,

254 1642 328 1723 Qua
341 1636 427 1704 male
435 1635 505 1730 jam
517 1636 641 1729 plumis
653 1639 741 1705 imus
753 1639 835 1728 tegit
845 1639 983 1729 inguina
996 1638 1125 1706 thorax.

214 1785 217 1794 ‹
256 1746 317 1815 llle
329 1747 448 1816 dolens
459 1747 628 1830 nondum,
641 1748 701 1815 sed
711 1748 790 1814 ferri
804 1748 928 1840 frigore
942 1751 1053 1840 primo

256 1859 626 1953 Territus,inclipeum
639 1859 792 1928 turbatos
805 1859 929 1953 colligit
940 1878 1049 1943 artus,
1200 1876 1252 1945 ⁵4⁵

256 1975 336 2037 Mox
347 1969 516 2037 intellecto
528 1973 633 2063 magis
645 1995 684 2038 ac
696 1973 801 2062 magis
814 1995 902 2064 aeger
913 1969 1048 2038 anhelat

256 2081 419 2161 Vulnere,
433 2105 495 2148 nec
506 2085 613 2173 parcit
624 2080 771 2162 cedenti,
784 2097 885 2176 atque
898 2083 1048 2173 increpat
1059 2082 1163 2149 hosti:

261 2199 360 2280 sQuo
371 2193 527 2278 retrahis,
541 2219 716 2286 germane,
730 2193 874 2286 gradus?
886 2217 906 2260 o
918 2193 1074 2284 languida
1090 2218 1224 2279 somn0,

246 2387 306 2442 536.
318 2389 708 2462 Vulnera,sedcoeptrusanquis:
754 2388 813 2461 liqit
826 2401 903 2442 arttu.
916 2387 1056 2460 Virgilius,
1072 2387 1174 2441 AEneitl.
1191 2390 1254 2456 Xll,

203 2468 361 2542 facinusque
366 2471 708 2541 peractum.Put.sedcoetus.
755 2489 778 2520 v.
794 2470 861 2536 dra:
879 2472 933 2522 sEt
946 2469 1093 2538 recollegit
1106 2469 1132 2520 in
1147 2487 1227 2522 orma.
1238 2493 1251 2518 s

210 2551 283 2600 Unus
299 2550 390 2601 Behot.
404 2550 562 2621 facinusque
577 2561 714 2621 peractum.
790 2548 849 2614 546.
865 2549 952 2622 Moqis
962 2566 993 2598 ac
1004 2548 1167 2618 magisaeqer.
1178 2547 1253 2620 Poly·

209 2631 362 2698 cst-Reg.
374 2627 633 2682 Bhabethanclect.
645 2630 709 2700 Reg.
753 2627 826 2678 uices
845 2625 944 2677 scilicet
961 2628 1019 2678 viso
1041 2627 1127 2677 fratris
1146 2623 1254 2678 vulnere

210 2707 231 2759 C
243 2721 367 2760 nostram.
381 2710 427 2759 En.
753 2707 915 2758 imminebat.
935 2704 1062 2758 Lacrsnr.

245 2785 305 2856 537.
325 2789 435 2839 Adstant
449 2787 602 2840 laudantes.
617 2788 708 2840 Furia.
790 2787 850 2855 547.
864 2785 992 2852 Vulnere,
1003 2785 1254 2858 neaparcitcedenti,
1363 2827 1366 2835 .

246 2865 307 2934 541.
325 2867 501 2939 Hortatusque
515 2885 640 2933 manum,
658 2879 708 2918 etc.
753 2879 830 2941 atque
840 2869 955 2938 increpat
970 2866 1042 2918 hosti.
1057 2868 1124 2917 Dnn.
1137 2871 1195 2918 Put.
1210 2870 1254 2920 Pe·

208 2948 271 3015 lleg.
280 2949 300 2998 B
309 2945 398 3009 babet,
410 2946 577 3018 hortaturque
586 2965 709 3007 manum,·
754 2959 805 2998 tav.
813 2944 991 3013 Lindenbrog.
1003 2957 1028 2995 et
1037 2945 1114 2996 Cruc.
1124 2946 1252 3018 increpat,

208 3024 272 3094 lleg.
288 3025 308 3076 C
322 3023 440 3075 eamdem
455 3024 516 3076 lect.
530 3025 576 3074 En.
755 3025 831 3076 hostis
848 3024 918 3093 Quo,
935 3033 985 3073 etc.
1002 3023 1082 3092 Lang.
1099 3022 1196 3073 Buslid.
1210 3025 1253 3076 Li·

245 3103 305 3168 511.
322 3106 348 3155 J.
361 3125 385 3154 a.
398 3121 420 3154 e.
434 3103 554 3175 qerrnani
566 3103 593 3154 in
605 3119 710 3173 corpore
753 3107 837 3174 psian.
851 3101 943 3152 Behot.
957 3096 1077 3166 1‚Colin.
1091 3100 1167 3152 anil.
1179 3101 1254 3154 Gras-

208 3182 305 3252 pressit.
322 3185 396 3234 Unus
413 3181 503 3233 Bebot.
519 3181 638 3253 germani
654 3201 708 3233 cor·
753 3203 803 3235 ser.
814 3185 919 3234 Gerart.
930 3195 955 3232 et
965 3180 1073 3232 Arnstel.
1087 3181 1200 3252 increpat
1210 3179 1255 3232 ho·

206 3262 437 3333 pore—Justius.
452 3263 553 3312 Justior
567 3263 593 3312 iu
611 3261 709 3313 scelere
752 3275 832 3316 stem.-
847 3263 919 3331 Quo,
931 3273 981 3312 etc.
994 3259 1085 3312 Behot.
1100 3276 1128 3324 2,
1138 3260 1255 3331 increpat

208 3338 345 3412 Polynices
359 3339 498 3392 ridebatur
514 3359 563 3410 pro
580 3339 709 3411 denegato
754 3343 836 3408 hoste,
850 3343 922 3412 Quo,
936 3353 985 3394 etc.
1002 3341 1059 3391 Nic.
1080 3341 1202 3392 Heinsius
1219 3339 1253 3392 acl

209 3420 258 3472 sibi
272 3421 392 3491 imperio.
405 3421 531 3469 Lacrssr.
752 3419 827 3472 Ovid.
846 3418 951 3470 Heroid.
966 3420 1047 3488 Epist.
1064 3416 1143 3488 legit:
1157 3417 1252 3478 hortm

245 3497 305 3565 543.
323 3500 379 3570 Quo
391 3497 525 3570 malejam
535 3496 632 3568 plumis
643 3498 709 3550 imus
752 3502 768 3551 i.
785 3519 807 3552 e.
823 3498 937 3550 hostiles.
954 3527 990 3538 -·
1001 3500 1063 3568 lieg.
1079 3499 1098 3548 B
1111 3496 1204 3562 babet,
1215 3509 1255 3550 at·

210 3579 272 3650 teqit
291 3579 400 3649 inguina
418 3575 517 3627 thorax.
537 3578 620 3646 Quam
639 3574 709 3626 male
752 3599 802 3652 que
812 3581 928 3651 increpat
939 3577 1027 3642 hostis,
1040 3578 1110 3645 Quo,
1123 3591 1172 3629 etc.
1185 3579 1249 3647 Heg·

205 3660 262 3728 jam
281 3655 378 3727 plumis
399 3656 457 3707 imis
474 3653 552 3706 Aldd.
573 3655 658 3706 Colin.
681 3667 707 3706 et
752 3661 902 3712 Cnostram
915 3656 976 3708 lect.
991 3658 1035 3706 En.
1056 3687 1092 3697 -
1110 3657 1196 3728 Atque
1213 3657 1253 3707 in·

209 3734 284 3786 Basil.
752 3749 839 3810 crepat
850 3736 916 3788 hosti
926 3733 1038 3804 (hostem
1048 3735 1089 3804 :):
1104 3735 1159 3805 Quo
1176 3746 1252 3787 retra-

245 3814 304 3880 54⁵.
326 3814 356 3867 Τ.
369 3815 384 3864 i.
398 3831 419 3868 c.
435 3815 546 3867 turbatos
557 3813 708 3886 colligitur·
753 3814 804 3878 his,
822 3832 959 3886 qennane,
975 3814 1078 3886 gradus.
1099 3813 1252 3884 Lugendum

209 3903 255 3945 tus.
274 3896 354 3963 Lang.
369 3894 446 3946 baur.
467 3896 582 3965 Lipsinu.
601 3906 627 3944 et
645 3892 706 3944 edd.
753 3906 842 3945 censet
860 3891 986 3944 Nicolaus
1006 3893 1146 3943 Heinsius:
1166 3892 1251 3964 Atque

207 3987 273 4025 vett.
288 3977 415 4034 turbatus,·
433 3975 524 4026 Bebot.
543 3991 564 4038 r,
581 3975 706 4036 turbatos,
753 3972 881 4042 increpat,
894 3969 975 4022 hostes
987 3971 1044 4040 Quo
1059 3969 1181 4036 retrahis,
1192 3988 1251 4044 qen-

208 4052 373 4121 interpolatis
392 4053 531 4124 postremis
551 4051 649 4103 literis:
671 4055 707 4102 itu
752 4067 842 4115 mane,
855 4049 968 4120 gradus?
981 4067 1051 4113 non,
1063 4061 1092 4098 ut
1104 4067 1174 4099 nunc
1187 4047 1251 4118 legi·

209 4130 269 4183 edd.
280 4131 397 4184 Grusser.
409 4133 524 4184 Gronov.
536 4130 669 4182 Barthian.
681 4144 707 4181 et
753 4141 804 4195 tur,
816 4127 905 4192 hostis,
918 4126 959 4178 vel
972 4125 1050 4192 hosti,
1062 4125 1103 4178 rel
1116 4126 1219 4180 hostem

207 4209 307 4282 Delph.
318 4240 354 4250 -
365 4211 398 4262 In
411 4209 523 4282 clipeum
535 4211 646 4263 turbatos
656 4210 707 4261 col·
787 4207 847 4275 548.
861 4208 915 4276 Quo
924 4206 1044 4272 retrahis,
1050 4225 1187 4278 pertrans,
1193 4223 1251 4280 qra-
