3194 5156
579 534 722 598 LIBER
749 539 773 600 l.
1137 543 1198 609 551

197 663 334 740 Ductor,
349 661 626 752 inaccessumque
641 661 719 728 viris
735 659 877 728 edicitur
890 679 1035 732 antrum.

197 774 266 838 Nec
278 773 357 838 satis
369 787 436 838 est:
451 785 516 838 stat
528 770 594 838 fine
608 769 687 838 dato
700 771 879 840 metuenda
893 775 1064 859 sacerdos,
1145 791 1198 845 600

199 879 426 974 Exploretque
437 879 564 963 aditus,
578 905 620 948 ne
634 883 708 978 quis
723 901 902 950 temerator
914 884 1047 954 oberret

199 996 340 1085 Agmine
354 994 516 1062 feminco:
532 995 652 1062 tacitus
667 993 804 1062 subrisit
819 993 974 1065 Achilles.

200 1102 318 1186 lllum,
333 1108 490 1196 virgineae
502 1105 682 1172 ducentem
697 1109 791 1198 signa
806 1123 965 1192 caterve,

201 1219 392 1306 Magnaque
407 1212 533 1282 difficili
549 1215 734 1284 solventem
748 1217 883 1286 brachie
897 1236 1007 1304 motu,
1040 1245 1044 1260 ·

204 1327 261 1410 (Et
273 1349 372 1392 sexus
384 1328 508 1419 pariter
520 1325 630 1408 decet,
646 1344 680 1394 et
691 1327 864 1396 mendacin
877 1333 1010 1417 matris)
1023 1384 1032 1414 ,
1149 1346 1200 1399 605

202 1439 369 1504 Mirantur
381 1442 539 1506 comites:
552 1463 615 1507 nec
623 1437 694 1530 jam
706 1438 931 1532 pulcherrima
945 1441 1053 1510 tnrbae

203 1546 374 1614 Deidamia
387 1571 472 1628 suae,
487 1564 686 1643 tantumque
701 1549 838 1618 admota
852 1551 998 1642 superbo

202 1657 355 1724 Vincitur
369 1658 517 1737 AEacide‚
532 1677 697 1753 quantum
712 1662 834 1752 premit
848 1663 919 1753 ipsa
934 1683 1076 1728 sorores.

203 1771 250 1834 Ut
263 1790 343 1834 vero
356 1792 377 1834 a
389 1772 484 1836 tereti
499 1769 632 1838 demisit
641 1769 780 1838 nebrida
792 1769 896 1854 collo,

204 1883 430 1974 Errantesque
442 1882 536 1950 sinus
551 1881 673 1948 hedera
688 1882 835 1974 collegit,
851 1900 885 1950 et
898 1882 964 1951 alte
1152 1897 1204 1948 6ιο

204 1991 315 2058 Cinxit
325 1993 504 2084 purpureis
516 1989 672 2062 flaventia
684 2009 834 2086 tempora
847 1997 954 2076 vittis,

158 2174 377 2248 prohibebantur.
400 2207 436 2220 -
458 2177 589 2232 Verendus
612 2179 660 2231 du·
704 2178 1207 2253 muliebris,ornatus‚qestns‚exprte·

158 2266 220 2308 ctor.
235 2255 405 2326 Lycomedes.
704 2261 787 2330 ceptis
798 2259 924 2312 Thetidis.

195 2333 254 2404 599.
267 2337 374 2404 Ductor,
386 2339 591 2410 inaccessumque
601 2339 660 2391 uiris
739 2341 799 2405 607.
812 2339 976 2413 Tantumque
984 2340 1089 2391 admota
1098 2339 1205 2412 superbo

159 2415 276 2466 educitur
286 2429 401 2470 antrum.
415 2420 471 2470 Put.
484 2418 602 2470 educitur
611 2437 660 2469 an·
706 2419 827 2473 Vincitur
836 2421 956 2484 AEacide,
970 2431 1097 2490 quantum
1109 2419 1207 2490 premit

160 2503 235 2544 trum.
248 2523 282 2534 -
294 2495 357 2567 fleg.
378 2499 397 2548 tt
415 2495 496 2548 babet
513 2495 583 2548 benc
598 2495 658 2548 lect.
704 2501 758 2572 ipsa
771 2515 873 2552 sorores.
890 2501 1002 2565 Premit,
1017 2499 1043 2550 id
1057 2513 1110 2564 est,
1129 2515 1206 2570 supe-

158 2574 221 2643 Reg.
236 2575 269 2638 C,
284 2576 389 2641 Auctor,
403 2578 608 2648 inaccessumque
622 2577 661 2628 ui·
703 2591 753 2630 rat.
772 2579 811 2628 De
824 2577 875 2630 hac
892 2578 1027 2630 locutione
1040 2577 1100 2632 vide
1115 2591 1205 2630 notata

159 2653 192 2704 ris
205 2653 460 2717 iudiciturantrum
474 2669 500 2708 et
514 2673 592 2728 supra
605 2673 661 2707 cor·
704 2657 890 2723 adversumne
904 2658 989 2709 AEmil.
1005 2660 1076 2730 Mag.
1091 2656 1155 2710 Arb.
1171 2657 1205 2708 ed

159 2744 276 2798 rectum,
289 2733 403 2786 edicitur.
424 2738 471 2790 Eo.
704 2737 870 2810 Nympbam,
892 2751 944 2788 etc.
966 2741 1039 2789 Poet.
1061 2741 1117 2790 Lat.
1139 2737 1204 2788 Min.

195 2810 256 2861 60¹.
282 2812 393 2864 oberres.
414 2817 449 2864 Ut
470 2815 531 2866 lecit
552 2813 660 2867 Publice
704 2829 774 2867 nost.
787 2814 850 2866 edit.
862 2816 973 2879 tomll,
986 2833 1012 2884 p.
1026 2815 1085 2886 275.
1104 2817 1151 2867 En.

160 2888 305 2942 Clodinsin
321 2893 402 2943 sacris
416 2893 493 2946 Bonae
508 2895 582 2960 Dete,
597 2896 660 2965 qni,
710 2938 711 2947 ,
740 2893 800 2960 609.
820 2893 854 2943 Ut
865 2909 948 2945 veron
962 2895 1042 2946 tereti.
1053 2894 1116 2963 lieq.
1131 2890 1205 2944 llbe-

160 2968 291 3039 Pompeiae
303 2971 389 3020 uxoris
399 2970 505 3024 Generis
516 2990 605 3024 amore
619 2989 660 3024 cs·
704 2971 762 3039 bet,
780 2971 815 3022 tu
831 2987 888 3022 uero
903 2990 917 3022 e
931 2973 1002 3022 tereti
1006 2993 1016 3033 ,-
1033 2973 1096 3041 Reg.
1114 2972 1149 3034 C,
1172 2969 1207 3022 Ut

159 3061 237 3119 ptus,
250 3047 372 3102 muliebri
379 3065 450 3103 veste
461 3051 569 3103 domum
579 3054 662 3104 Cosa·
705 3069 764 3104 uero
775 3062 802 3102 et
812 3052 892 3102 tereti.
905 3051 952 3102 Eo.
968 3081 1005 3089 -
1020 3049 1136 3103 Demisit.
1154 3051 1206 3101 De·

161 3129 210 3192 ris,
225 3127 288 3178 dunt
301 3147 349 3198 per
360 3143 466 3183 noctem
477 3131 603 3184 sacrificia
616 3133 661 3184 lie·
706 3147 795 3181 orsum
811 3131 893 3196 misit,
906 3147 939 3182 ne
948 3129 1087 3200 impediret
1097 3147 1156 3181 eum
1164 3130 1207 3198 ja-

160 3207 239 3272 bant,
253 3208 387 3278 ingressus
397 3223 449 3276 est,
460 3223 485 3263 et
495 3211 613 3264 detectus
623 3229 662 3263 sa·
706 3209 848 3261 culantern.
859 3235 896 3250 -
906 3209 1027 3261 Nebridu.
1043 3208 1139 3262 Pellem
1152 3226 1208 3259 oer-

160 3305 203 3338 cra
217 3285 381 3342 disturbavit.
706 3293 744 3354 vi,
763 3307 841 3360 quam
860 3289 993 3353 ferebant,
1009 3305 1088 3361 qnam
1107 3285 1206 3338 Plinius

196 3366 257 3418 602.
273 3367 306 3418 A.
314 3368 340 3438 f.
354 3369 446 3421 tucittts
458 3369 561 3422 subrisit
571 3368 663 3421 Aclril·
706 3369 769 3421 dicit
788 3368 839 3421 boc
858 3369 977 3433 efficere,
995 3387 1028 3418 ne
1046 3367 1207 3418 dormientes

163 3447 205 3500 les.
219 3448 281 3516 lleq.
298 3450 317 3500 ll
333 3447 426 3516 babet,
443 3450 534 3504 tacitus
548 3450 594 3503 sibi
608 3450 662 3503 risit
705 3467 784 3519 supra
797 3467 855 3501 eam
866 3460 1017 3519 serpentum
1031 3465 1165 3499 accessum
1178 3448 1209 3496 ti·

162 3525 287 3588 Actttttn
300 3530 363 3599 Reg.
377 3530 398 3582 C
410 3543 527 3582 nostram
540 3529 599 3582 lect.
614 3533 659 3582 En.
706 3526 907 3596 meantsnsspis,
918 3525 1073 3590 hinnulum,
1085 3528 1139 3580 sive
1147 3524 1209 3598 pul·

162 3634 198 3645 -
214 3606 325 3660 Subrisit
341 3608 466 3663 Acbilles.
483 3610 563 3678 Quod
577 3629 662 3664 sacer·
708 3607 763 3660 lum
783 3610 869 3672 cerni,
891 3608 1029 3678 significat.
1053 3609 1206 3658 Maronem.

163 3682 212 3736 dos
231 3705 291 3737 euna
306 3699 433 3758 tanquam
447 3690 572 3740 lentinum
595 3691 663 3741 sine·
708 3687 774 3739 Vide
785 3707 811 3759 p.
826 3699 963 3757 279,tonr.
977 3690 986 3738 l
999 3687 1063 3738 Stat.
1077 3700 1145 3738 nost.
1159 3687 1207 3736 Eo.

163 3777 203 3816 ret
215 3767 320 3818 intrare.
744 3766 804 3816 (ito.
826 3765 911 3818 Sinus.
931 3766 1055 3815 Demisere
1075 3762 1209 3827 nebridii,

199 3844 665 3918 604.Mq.d.solvententbrncltiamo-
709 3856 739 3894 ut
760 3841 867 3914 quando
888 3857 1001 3894 exertum
1021 3845 1150 3894 manicam
1173 3841 1211 3891 ln·

164 3925 666 3980 tu.Unusbarthiirvolventembrucbiu
710 3922 801 3974 dentes
816 3922 869 3994 pila
885 3924 995 3994 cingunt
1013 3941 1092 3989 zona,
1112 3940 1145 3972 ne
1164 3923 1211 3971 im·

164 4003 470 4078 motu;Petav.aliusqne
480 4003 667 4073 lindenbrogii
710 4001 857 4073 pediantnr.
879 4003 1032 4054 Morantur.
1049 4030 1085 4042 ·-
1098 4001 1213 4052 Hedera.

166 4081 249 4134 codex
262 4105 268 4134 t
288 4084 391 4136 bruclrin
406 4105 481 4139 nexu.
496 4115 530 4126 -
541 4081 665 4156 Difficili.
711 4082 776 4148 Quae
788 4081 891 4133 Raccbo
904 4081 989 4133 dicata
1002 4093 1050 4134 est.

164 4160 267 4229 Turdo,
281 4163 394 4232 pudico,
409 4179 437 4216 ut
446 4167 571 4237 virginem
580 4162 665 4215 decet.
746 4164 808 4215 611.
824 4165 851 4215 C.
862 4165 1025 4244 p.flnuentia
1039 4173 1153 4233 tempora
1165 4160 1212 4211 uit-

202 4244 262 4296 605.
276 4245 314 4297 Et
326 4245 462 4299 mendacin
473 4247 569 4300 matris.
579 4246 666 4298 Vestis
711 4245 749 4297 tis.
761 4246 849 4298 Potae.
861 4243 990 4315 pnllentin
1005 4255 1128 4313 tempora.
