3272 5166
362 533 426 600 ²9²
595 511 631 574 Ρ.
656 511 692 574 P.
719 508 875 573 STATll
900 508 1176 575 THEBAIDOS

404 643 447 706 Et
457 637 621 705 decrescit
630 636 851 719 onus3snbiti
863 659 970 730 quum
981 634 1136 730 pulveris
1148 634 1286 718 umbra,

405 753 448 816 Et
458 771 562 816 sonus
574 771 593 813 a
606 763 720 838 tergo:
735 748 868 813 monitu
880 743 976 814 ducis
989 769 1066 814 aoer
1077 746 1196 837 agebat

406 858 575 951 Amphion
584 860 730 951 equites,
745 873 879 925 noctem
891 856 1094 952 vigilataque
1105 873 1213 924 castra
1319 877 1320 885 ¹

406 967 596 1061 Explorare
608 967 723 1050 datus,
736 970 933 1062 primusque
944 991 1005 1060 per
1016 969 1090 1034 avia
1101 969 1211 1059 campi

407 1083 523 1172 Usque
536 1077 668 1170 procul,
681 1075 839 1144 necdum
852 1093 939 1146 totas
950 1077 1008 1144 lux
1021 1075 1168 1146 solverat
1178 1075 1331 1159 umbras,
1352 1091 1405 1162 ³9⁰

330 1267 332 1274 ¹
407 1192 526 1258 Nescio
540 1189 621 1284 quid
633 1192 708 1259 visu
720 1188 880 1273 dubium,
894 1192 1131 1285 incertumque
1142 1189 1287 1271 moueri,

409 1305 627 1395 Corporaque
639 1302 687 1368 ire
700 1299 790 1368 videt
803 1327 810 1368 :
825 1299 956 1368 subitus
968 1325 1047 1368 mox
1058 1299 1177 1368 fraude
1190 1315 1323 1392 reperta

410 1414 602 1480 Exclamat:
619 1410 802 1479 «Cohibete
813 1411 954 1504 gradum
966 1413 1175 1507 quicunque:
1195 1441 1208 1471 n
1222 1407 1283 1478 sed
1295 1408 1408 1479 hostes

409 1527 492 1590 Esse
504 1538 614 1615 patet:
627 1523 742 1589 miseri
753 1539 900 1614 pergunt
911 1523 1053 1604 anteire,
1066 1524 1253 1616 timentque

409 1631 1336 1726 Nonsibi:tunomortemtrepidismiuitatur,ethastam
1356 1643 1409 1715 ³9⁵
1449 1719 1451 1722 Ι

409 1741 561 1835 Expulit,
574 1766 614 1810 ao
627 1766 730 1810 vanos
742 1741 808 1810 alte
819 1743 909 1811 levat
920 1745 1051 1810 eminus
1063 1745 1165 1826 ictus,

409 1851 580 1920 affectans
593 1874 705 1920 errare
716 1876 838 1920 manus
850 1877 858 1919 :
872 1854 964 1920 stetit
975 1851 1031 1920 ille
1041 1853 1219 1946 Dymantis

408 1960 637 2042 Autonomos,
651 1963 709 2056 qui
720 1959 806 2028 forte
819 1964 927 2054 prior,
941 1983 1161 2055 gressumque
1173 1962 1343 2054 repressit.

406 2077 452 2138 ·llt
462 2094 532 2139 non
544 2075 777 2166 magnanimus
790 2073 919 2140 curavit
928 2072 1071 2165 perdere
1079 2068 1190 2164 jactus

362 2298 478 2348 Grouou
493 2295 579 2349 Barth.
597 2311 624 2349 et
637 2299 719 2350 Veen.
736 2297 864 2372 omnique
907 2299 968 2352 veri.
983 2299 1058 2348 Unus
1073 2295 1165 2349 Belrot.
1181 2297 1360 2367 incertumque
1372 2293 1410 2345 oi·

361 2375 591 2447 propinqnaot-
602 2377 665 2444 lieg.
676 2375 799 2440 Rhabo,
808 2376 864 2428 arti·
906 2375 975 2442 deri,
990 2389 1016 2427 et
1030 2393 1078 2446 pro
1091 2394 1114 2426 r.
1128 2373 1145 2424 Ι.
1160 2374 1266 2426 moveri.
1277 2401 1312 2446 7-
1322 2373 1410 2424 Incer-

362 2451 461 2524 mirque
476 2452 672 2525 propinquam,-
690 2457 753 2525 Reg.
773 2455 795 2505 C
814 2473 864 2506 no-
908 2455 1130 2524 tumquemoveri.
1145 2452 1274 2522 Exprimit
1285 2449 1409 2524 quemad·

363 2543 442 2584 stram
454 2530 514 2583 lect.
534 2532 580 2584 En.
595 2533 778 2605 -Annisqno
789 2530 863 2602 (ani-
907 2532 1015 2585 modurn
1025 2532 1175 2584 intenebris
1186 2529 1285 2602 aliquid
1295 2529 1407 2582 videtur.

361 2609 478 2680 mirque)
496 2611 685 2683 propiaquant.
708 2612 862 2662 Animorum
942 2612 1003 2680 ³9²·
1025 2613 1188 2684 corporaque
1207 2609 1243 2660 ire
1258 2609 1341 2674 videt,
1357 2621 1406 2660 ete.

361 2689 594 2762 scilicetcupidine
604 2712 610 2742 t
622 2692 682 2742 licet
693 2693 763 2742 eninr
775 2690 861 2742 adhue
908 2691 1020 2760 Corpora
1034 2691 1067 2740 ob
1079 2691 1140 2742 inde
1153 2689 1220 2741 videt
1232 2690 1337 2758 optimae
1348 2689 1409 2740 Bar·

362 2788 416 2822 non
426 2787 509 2841 parvo
518 2770 641 2824 abessent
650 2771 804 2837 intervallo,
815 2790 862 2844 spe
908 2767 956 2821 thii
973 2768 1145 2831 membrana,
1161 2766 1233 2837 quod
1244 2765 1289 2818 ille
1303 2763 1407 2836 probat.

357 2861 464 2916 umen,
479 2863 505 2900 et
518 2848 679 2922 properandi
693 2848 797 2913 studio,
806 2853 862 2920 jam
942 2848 1003 2918 393.
1014 2847 1064 2900 Sed
1074 2847 1154 2902 hostes
1163 2847 1223 2900 Esse
1229 2854 1311 2919 potet.
1321 2845 1408 2898 Verba

361 2928 412 2981 sihi
424 2943 507 2982 cantra
520 2943 609 2982 tenere
620 2926 785 2982 videbantur.
905 2941 1000 3000 poetro.

396 3009 458 3062 386.
477 3009 512 3061 Et
527 3008 649 3064 decrescit
665 3028 738 3062 onus.
755 3009 784 3062 ld
804 3023 861 3078 est,
940 3007 1002 3076 394.
1020 3005 1052 3058 Ε.
1062 3025 1091 3079 p.
1104 3005 1191 3058 miseri
1201 3013 1316 3079 perquer
1324 3003 1409 3056 antei·

360 3106 408 3158 spe
421 3091 478 3158 jum
494 3089 621 3140 conlectae
634 3090 681 3141 rire
694 3087 862 3142 minuebatur
906 3105 946 3154 re,
957 3089 1106 3158 timentque.
1120 3087 1196 3138 Unus
1208 3085 1300 3138 Behot.
1313 3105 1363 3156 pro
1375 3087 1408 3137 o·-

361 3177 502 3238 corpnrum
518 3165 634 3238 pondus.
906 3163 1408 3237 mentqirehobetlimentes-Timent·

395 3245 457 3316 387.
477 3246 512 3297 Et
525 3263 601 3298 tonitr
611 3266 628 3298 a
643 3255 721 3321 tergo.
735 3247 778 3298 lit
787 3265 862 3300 sontes
905 3263 956 3316 que
965 3247 1027 3298 Non
1036 3244 1091 3298 sibi.
1105 3245 1146 3296 Sin
1156 3241 1246 3312 virgil.
1259 3241 1360 3294 AEneid.
1369 3245 1406 3306 11,

359 3325 464 3379 Behott.
479 3343 502 3391 r,
514 3345 544 3390 a,
555 3328 613 3377 Put.
624 3330 711 3379 Petav.
721 3325 800 3380 Aldd.
810 3327 862 3380 Co·
907 3340 976 3394 729:
995 3347 1006 3369 ι
1016 3322 1159 3394 comitique
1171 3323 1300 3392 onerique
1312 3321 1407 3373 timen-

358 3403 405 3458 lin.
420 3404 598 3476 Lindenbrog.
613 3419 639 3458 et
653 3407 731 3459 Cruo.
747 3408 774 3460 It
786 3427 862 3462 sonus
905 3414 967 3452 lem·
979 3425 991 3448 ¹

359 3487 427 3540 Dan.
441 3488 476 3538 Et
487 3503 565 3539 sonus
575 3487 657 3558 hang.
669 3487 746 3540 laur.
762 3489 859 3542 Buslid.
940 3479 1001 3549 396.
1021 3477 1144 3553 Expulit,
1161 3497 1192 3531 oe
1206 3497 1286 3532 varior
1300 3478 1355 3531 alte
1366 3477 1406 3531 le-

360 3581 386 3618 et
402 3565 461 3618 edd.
475 3577 584 3616 recenti.
904 3570 948 3610 vat
959 3560 1059 3612 eminus
1075 3561 1147 3613 ictus·
1163 3557 1275 3630 Expulit
1288 3569 1314 3610 et
1327 3575 1407 3610 vanos

395 3640 702 3713 389.1txp10raredaus.
714 3641 860 3717 Explorato
904 3639 1041 3692 interlevat
1051 3643 1077 3692 in
1090 3637 1184 3692 eodem
1199 3637 1290 3690 Belloi.
1303 3636 1404 3688 codice.

358 3723 433 3776 dotus
448 3723 505 3772 Pul.
938 3718 1239 3791 397.Affectanserrore
1247 3715 1405 3782 monusdf·
1420 3771 1421 3779 ἵ

393 3800 454 3869 390.
477 3799 560 3870 Usque
575 3799 684 3871 procul,
702 3815 753 3855 eto.
776 3802 860 3876 Usque
897 3800 1214 3872 fectanrerroremanum
1223 3795 1403 3851 ExnCnntab.

355 3876 545 3950 procitlomnes
553 3879 643 3949 scripti
649 3877 773 3951 aditique.
782 3881 859 3930 Hein-
904 3893 931 3933 et
943 3883 1059 3933 Peneus.
1073 3881 1242 3952 Affeototque
1252 3897 1336 3931 errore
1348 3899 1404 3930 mo·

357 3958 413 4010 sius
427 3959 454 4008 in
466 3952 573 4008 Ad'vers.
590 3975 617 4028 p.
636 3958 700 4028 764,
717 3957 858 4034 legendum
903 3979 965 4010 num
980 3958 1311 4030 Burmann—Affectans
1321 3975 1404 4010 errare

357 4049 434 4106 putat
445 4057 451 4086 :
464 4035 621 4107 ,primusque
631 4056 680 4109 per
694 4039 754 4090 ovio
771 4039 859 4109 campi
903 4056 1004 4091 manus.
1017 4039 1078 4090 Nou
1092 4038 1262 4110 percutientis
1276 4039 1372 4090 auimo.

360 4113 577 4186 Terquo'prooul.
939 4118 999 4187 399.
1009 4119 1116 4170 Curooit
1122 4118 1227 4190 perdere
1228 4119 1326 4189 jactus.
1336 4117 1404 4170 Emi·

392 4194 454 4264 39¹·
464 4195 498 4246 Ν.
510 4209 535 4264 q.
546 4213 568 4245 v.
579 4193 605 4246 d.
614 4194 791 4266 incertumque
800 4213 858 4248 mo·
903 4198 936 4248 sit
948 4199 1017 4249 enim
1030 4197 1169 4251 occidendi
1181 4197 1278 4252 animo.
