3264 5166
600 498 743 564 LIBER
767 499 828 565 IX.
1174 501 1236 570 251

236 632 280 694 Et
287 623 358 720 jam
368 647 459 718 pone
468 625 739 694 metuszfrustra
752 625 795 694 de
805 624 891 694 colle
902 629 1015 720 Lycaei
1189 643 1242 714 895

236 740 343 805 Anxia
354 753 566 830 prospectas,
581 739 609 804 si
621 740 697 832 quis
710 762 772 832 per
783 737 899 806 nubila
910 737 1011 831 longe
1029 771 1034 782 ·

236 841 303 917 Aut
315 873 434 933 sonus,
447 867 507 917 aut
517 867 635 918 nostro
648 851 802 919 sublatus
814 850 858 918 ab
869 855 1003 943 agmine
1014 850 1137 945 pulvis.

236 939 389 1052 Frigidus
401 964 436 1028 in
448 961 541 1029 nuda
549 960 645 1055 jaceo
656 961 793 1046 tellure,
806 987 868 1030 nec
879 987 1026 1056 usquam

235 1074 513 1166 'l'uprope,quae
523 1070 884 1168 vultus‚efflantiaque
896 1097 955 1141 ora
966 1089 1110 1141 teneres.
1142 1113 1144 1118 ·
1186 1083 1239 1154 ⁸99

236 1177 1238 1278 Hunctemen‚orbaparens‚crinem,(dextraqueseeandum
1337 1186 1342 1196 '

236 1291 415 1380 Praebuit‚)
426 1293 518 1362 hunc
529 1311 600 1364 toto
612 1298 724 1388 capies
736 1318 953 1388 procorpore
964 1297 1110 1376 crinem,

235 1405 374 1471 Comere
387 1429 489 1498 quem
500 1406 626 1474 frustra
637 1391 692 1475 ine
704 1406 907 1500 dedignante
919 1404 1062 1474 solebas.

236 1524 324 1590 Huic
335 1522 429 1591 dabis
442 1530 635 1620 exsequias:
648 1543 750 1622 atque
762 1529 849 1594 inter
857 1524 949 1620 justa
960 1541 1147 1606 memento,
1164 1533 1172 1550 ‘

235 1637 284 1701 Ne
296 1637 372 1729 quis
384 1637 567 1729 inexpertis
579 1637 715 1706 hebetet
726 1661 802 1705 mea
814 1636 880 1720 tela
892 1635 1040 1716 lacertis,

190 1899 689 1975 Viveiqiturpotiusanimisqueirascere
734 1902 840 1970 ultima,
850 1904 874 1955 Ο
883 1914 959 1966 nate,
969 1899 1054 1952 liceat.
1068 1897 1179 1969 Spiritus
1191 1897 1235 1949 fu·

190 1980 293 2041 nostrin
306 1979 371 2052 fleg.
383 1981 405 2033 C
418 1995 535 2035 nostrum
547 1982 608 2035 lect.
623 1983 671 2034 Eu.
733 1985 806 2055 giens
818 2001 877 2035 meo
889 1983 1002 2053 Legatos
1014 1997 1069 2032 ore.
1086 1976 1196 2029 Brachia
1207 1976 1235 2028 iu

223 2059 283 2128 895.
292 2059 387 2130 Lycoei.
394 2060 493 2114 Montis
500 2062 627 2115 Arcadiae.
635 2066 689 2116 Ho·
734 2063 870 2134 amplexus
884 2079 981 2132 cape·

188 2135 322 2192 diemout
339 2141 455 2194 Mintlta.
475 2142 599 2195 Eamdem
616 2143 688 2214 apud
768 2157 830 2211 900.
849 2141 928 2193 Hrtnc
943 2151 1043 2205 tamen,
1056 2138 1234 2209 orbaparens‚

188 2221 278 2272 Horat.
288 2221 430 2292 imaginem
440 2223 573 2289 invenies,
584 2223 687 2289 liblV,
731 2223 829 2274 crinem
847 2219 987 2292 dextraque
1007 2217 1161 2281 secondum,
1183 2228 1234 2268 etc.

189 2297 233 2350 od.
245 2298 277 2366 5,
291 2318 330 2352 vs.
344 2319 360 2369 9
373 2319 431 2372 sqq.
448 2304 504 2352 «Ut
518 2315 601 2354 mater
611 2304 688 2372 juve·
731 2303 813 2352 Mittit
824 2299 1029 2368 Parthenopaeus
1044 2297 1120 2348 matri
1133 2296 1234 2360 crines,

187 2395 248 2428 nem
257 2417 263 2428 .
273 2416 280 2428 .
290 2415 297 2428 .
307 2380 382 2431 Votis
393 2379 578 2452 ominibusque
591 2394 617 2431 et
628 2400 688 2452 pre-
731 2393 760 2432 ut
773 2378 811 2431 illi
822 2378 962 2451 sepulturae
977 2375 1166 2428 mandarentur
1178 2375 1235 2425 vice

188 2453 262 2506 cibus
275 2469 369 2522 vocat,
383 2459 469 2509 Curvo
483 2475 533 2510 uec
546 2455 641 2510 faciem
653 2457 687 2510 li·
731 2462 772 2513 sui
784 2462 911 2532 corporis.
925 2458 997 2509 Alias
1010 2458 1090 2508 moris
1106 2467 1161 2506 erat
1176 2473 1234 2506 mo-

188 2547 244 2585 tore
257 2533 404 2587 dimovet.»
421 2540 468 2590 En.
731 2540 859 2592 rientibus
877 2541 963 2591 crines
977 2553 1140 2608 praemere,
1159 2547 1187 2586 ut
1200 2531 1235 2584 de

223 2611 283 2682 896.
302 2615 391 2666 Anxia
405 2627 561 2687 prospectus,
577 2616 599 2670 si
614 2619 685 2690 quis,
731 2617 835 2670 Didone
847 2615 919 2688 apud
930 2617 1002 2684 Vlrg.
1013 2611 1115 2665 AEneid.
1128 2611 1175 2664 lib.
1185 2611 1234 2678 lV,

187 2706 237 2744 etc.
254 2693 342 2746 Anxia
355 2708 518 2766 prospectans
534 2699 588 2748 Pet.
604 2699 686 2768 Lang.
730 2715 768 2750 vs.
783 2697 843 2766 698.

187 2771 285 2824 anlid.
299 2775 414 2843 Lipsian.
426 2773 505 2826 Aldd.
519 2775 576 2827 Col.
585 2775 685 2848 Gryph.
768 2793 830 2845 9⁰¹·
850 2776 882 2826 P.
895 2771 922 2824 Ιι.
938 2783 957 2824 t.
970 2773 1055 2844 capies
1063 2788 1114 2841 pro
1128 2787 1235 2840 corpore

186 2849 263 2902 Basil.
278 2851 456 2924 lindenbrog.
470 2867 495 2906 et
509 2855 585 2906 Cruc.
598 2855 687 2907 Anxia
732 2856 836 2906 crinem.
852 2854 921 2904 Dan.
936 2869 984 2921 pro
1000 2849 1108 2900 crimine
1125 2848 1233 2898 crinem.

185 2941 329 3001 prospectas
343 2933 411 2984 Dan.
429 2932 533 2985 Behott.
551 2951 574 3000 t,
590 2951 620 3000 2,
637 2937 686 2986 Pe·
730 2963 764 2975 -
777 2932 898 3006 Praebuit.
909 2928 1078 2998 Interpositio
1090 2944 1139 2997 per
1149 2927 1233 2976 roem

186 3021 267 3060 treus.
280 3009 415 3078 nonnulli,
426 3011 544 3065 Gronov.
559 3013 647 3064 Barth.
661 3025 687 3064 et
730 3029 880 3085 personam.
901 3011 997 3065 Btsru.

185 3085 282 3158 Delpb.
340 3115 345 3126 ·
765 3109 826 3161 9⁰²·
853 3093 957 3144 Comere
978 3106 1054 3160 quem
1071 3085 1172 3157 frustm
1192 3103 1234 3137 me

222 3165 283 3236 898.
302 3169 419 3242 Friqidus
431 3170 459 3220 in
471 3168 541 3219 nuda
549 3171 623 3240 jaceo
636 3169 685 3221 tel·
729 3167 998 3244 dediqnantesolcbas.
1007 3165 1137 3236 Eutyches
1145 3166 1235 3217 Gram-

186 3243 255 3313 lure‚
270 3260 320 3299 ete.
336 3249 400 3319 Reg.
414 3250 434 3300 B
451 3247 551 3302 habet:
570 3250 687 3323 Fripidus
730 3252 842 3302 maticus
853 3247 898 3300 lib.
909 3251 945 3314 ll,
955 3246 1027 3299 bunc
1035 3263 1140 3298 versum
1148 3246 1234 3298 citans

185 3339 210 3378 et
219 3327 304 3394 nuda,
314 3339 364 3379 etc.
375 3328 437 3398 ch.
446 3329 467 3380 C
475 3342 557 3381 nostr.
569 3329 628 3380 lect.
639 3329 684 3382 En.
729 3330 809 3400 legit:
825 3349 866 3381 me
881 3348 922 3380 me
935 3329 1068 3402 dignante.
1083 3356 1120 3366 -
1130 3327 1176 3377 Me
1189 3325 1233 3377 de·

220 3407 282 3475 899.
303 3407 343 3460 Tu
353 3425 448 3478 prope,
461 3426 518 3478 quoe
533 3407 633 3474 vultus,
647 3409 686 3478 ef·
729 3407 966 3481 dipnontesolebat.
975 3405 1044 3472 Quia
1054 3405 1128 3476 quasi
1134 3405 1174 3455 vir
1180 3405 1233 3458 lor·

176 3487 377 3562 stantiaqueora
385 3498 489 3539 tennes
496 3488 536 3538 Tu
542 3505 686 3559 propeque
729 3489 762 3539 tis
774 3486 881 3539 volebat
893 3484 1030 3537 ornatibus
1041 3482 1171 3535 decorari.

185 3565 278 3618 vulnus
287 3565 379 3618 Bebot.
397 3584 419 3632 r,
430 3579 455 3618 et
466 3586 515 3637 pro
528 3587 552 3619 v.
563 3565 581 3616 l.
593 3567 683 3620 vultus.
765 3565 826 3634 903.
845 3565 881 3616 Η.
901 3565 926 3615 d.
946 3585 969 3615 e.
989 3574 1066 3636 atque
1082 3563 1150 3613 inter
1158 3564 1233 3633 justa

184 3661 220 3685 -¹-
230 3646 293 3715 Quoe
304 3645 403 3712 vultus,
415 3644 587 3722 efflantiaque
596 3664 641 3698 ora
652 3658 686 3697 te-
730 3656 868 3697 memento.
883 3647 957 3695 Unus
975 3643 1066 3694 Rebot.
1089 3660 1156 3692 unus
1170 3643 1234 3692 item

185 3743 262 3778 neres.
275 3726 313 3776 Ex
327 3743 413 3791 more,
430 3743 485 3794 quo
501 3724 574 3794 apud
586 3738 686 3776 veteres
730 3723 932 3794 Lindenbrogii:
949 3724 1016 3774 inter
1033 3723 1118 3786 busta,
1133 3724 1234 3792 impro-

183 3805 360 3874 propinquior
376 3815 402 3854 et
420 3804 593 3855 amicissimus
613 3805 686 3874 quis·
730 3801 811 3854 bante
832 3799 947 3853 Barthio.
970 3832 1006 3842 -
1025 3806 1123 3854 Versus
1144 3800 1188 3853 ille
1208 3813 1235 3852 ct

184 3899 236 3952 que
259 3881 422 3951 expirantem
446 3880 685 3951 complectebatur,
730 3881 920 3952 subsequentes
935 3879 989 3932 duo
1004 3879 1233 3950 011109.Βᾶεεί-

184 3977 215 4010 ac
228 3958 443 4027 deosculabatur,
458 3962 534 4032 quasi
550 3963 685 4014 morientis
730 3960 865 4014 derantur.
878 3960 952 4027 Quos
962 3962 1074 4022 serravit
1084 3961 1147 4031 Reg.
1158 3959 1189 4012 C.
1199 3989 1234 3999 -

183 4051 327 4090 extremum
344 4039 466 4109 spiritum
483 4057 528 4090 ore
547 4058 596 4091 suo
611 4058 686 4092 exce·
730 4043 887 4113 Interjusta.
901 4039 953 4092 Alii
966 4043 1038 4094 busta
1049 4039 1150 4110 legunt.

183 4131 283 4188 pturus.
294 4121 394 4173 Seneca
403 4118 516 4172 Hercule
523 4121 624 4187 obtuso,
634 4135 685 4172 act.
766 4121 826 4191 9⁰4·
846 4122 888 4174 Ne
899 4121 957 4192 quis
971 4119 1124 4191 inexpertis,
1137 4131 1187 4170 etc.
1203 4119 1232 4168 ln

182 4200 226 4265 lv,
238 4217 277 4250 vs.
292 4197 376 4264 1340:
393 4198 534 4250 «Membra
545 4198 686 4270 complecti
731 4201 874 4252 certamine
889 4199 1003 4250 funebri.
