<?xml version="1.0" encoding="UTF-8"?>
<!DOCTYPE html PUBLIC "-//W3C//DTD XHTML 1.0 Transitional//EN"
    "http://www.w3.org/TR/xhtml1/DTD/xhtml1-transitional.dtd">
<html xmlns="http://www.w3.org/1999/xhtml" xml:lang="en" lang="en">
 <head>
  <title>
</title>
<meta http-equiv="Content-Type" content="text/html;charset=utf-8" />
  <meta name='ocr-system' content='tesseract 3.04.00' />
  <meta name='ocr-capabilities' content='ocr_page ocr_carea ocr_par ocr_line ocrx_word'/>
</head>
<body>
  <div class='ocr_page' id='page_1' title='image "./libriquinquesil00statgoog_0141.png"; bbox 0 0 3230 5168; ppageno 0'>
   <div class='ocr_carea' id='block_1_1' title="bbox 410 573 1219 644">
    <p class='ocr_par' dir='ltr' id='par_1_1' title="bbox 410 573 1219 644">
     <span class='ocr_line' id='line_1_1' title="bbox 410 573 1219 644; baseline -0.009 1"><span class='ocrx_word' id='word_1_1' title='bbox 410 579 471 644; x_wconf 77' lang='lat'>132</span> <span class='ocrx_word' id='word_1_2' title='bbox 644 575 679 636; x_wconf 89' lang='lat' dir='ltr'>P.</span> <span class='ocrx_word' id='word_1_3' title='bbox 706 575 739 636; x_wconf 90' lang='lat' dir='ltr'>P.</span> <span class='ocrx_word' id='word_1_4' title='bbox 765 573 916 637; x_wconf 83' lang='lat' dir='ltr'>STATll</span> <span class='ocrx_word' id='word_1_5' title='bbox 942 573 1219 638; x_wconf 82' lang='lat' dir='ltr'><strong>THEBAIDOS</strong></span> 
     </span>
    </p>
   </div>
   <div class='ocr_carea' id='block_1_2' title="bbox 450 697 1449 1902">
    <p class='ocr_par' dir='ltr' id='par_1_2' title="bbox 452 697 1449 1460">
     <span class='ocr_line' id='line_1_2' title="bbox 453 697 1449 792; baseline -0.007 -21"><span class='ocrx_word' id='word_1_6' title='bbox 453 710 509 771; x_wconf 91' lang='lat' dir='ltr'>Me</span> <span class='ocrx_word' id='word_1_7' title='bbox 519 701 657 770; x_wconf 86' lang='lat' dir='ltr'>doceas:</span> <span class='ocrx_word' id='word_1_8' title='bbox 672 697 732 765; x_wconf 90' lang='lat' dir='ltr'>tibi</span> <span class='ocrx_word' id='word_1_9' title='bbox 745 719 839 765; x_wconf 87' lang='lat' dir='ltr'>sacra</span> <span class='ocrx_word' id='word_1_10' title='bbox 850 697 957 764; x_wconf 88' lang='lat' dir='ltr'>feram</span> <span class='ocrx_word' id='word_1_11' title='bbox 967 719 1135 789; x_wconf 73' lang='lat' dir='ltr'>praesaga,</span> <span class='ocrx_word' id='word_1_12' title='bbox 1148 700 1265 792; x_wconf 88' lang='lat' dir='ltr'>tuique</span> <span class='ocrx_word' id='word_1_13' title='bbox 1399 713 1449 766; x_wconf 81' lang='lat'>335</span> 
     </span>
     <span class='ocr_line' id='line_1_3' title="bbox 454 805 1279 902; baseline -0.006 -21"><span class='ocrx_word' id='word_1_14' title='bbox 454 814 608 881; x_wconf 88' lang='lat' dir='ltr'>Numinis</span> <span class='ocrx_word' id='word_1_15' title='bbox 619 814 800 902; x_wconf 84' lang='lat' dir='ltr'>interpres,</span> <span class='ocrx_word' id='word_1_16' title='bbox 814 823 846 875; x_wconf 87' lang='lat' dir='ltr'>te</span> <span class='ocrx_word' id='word_1_17' title='bbox 858 805 1132 884; x_wconf 83' lang='lat' dir='ltr'>Phoeboabaente</span> <span class='ocrx_word' id='word_1_18' title='bbox 1143 809 1279 876; x_wconf 87' lang='lat' dir='ltr'>vocabo.</span> 
     </span>
     <span class='ocr_line' id='line_1_4' title="bbox 455 918 1193 1014; baseline -0.011 -21"><span class='ocrx_word' id='word_1_19' title='bbox 455 922 514 993; x_wconf 91' lang='lat' dir='ltr'>ille</span> <span class='ocrx_word' id='word_1_20' title='bbox 526 922 608 990; x_wconf 88' lang='lat' dir='ltr'>mihi</span> <span class='ocrx_word' id='word_1_21' title='bbox 620 919 703 989; x_wconf 87' lang='lat' dir='ltr'>Delo</span> <span class='ocrx_word' id='word_1_22' title='bbox 714 918 909 1014; x_wconf 77' lang='lat' dir='ltr'>Cyrrhaque</span> <span class='ocrx_word' id='word_1_23' title='bbox 920 921 1090 1012; x_wconf 85' lang='lat' dir='ltr'>potentior</span> <span class='ocrx_word' id='word_1_24' title='bbox 1100 921 1193 986; x_wconf 89' lang='lat' dir='ltr'>omni</span> 
     </span>
     <span class='ocr_line' id='line_1_5' title="bbox 452 1027 1372 1124; baseline -0.007 -20"><span class='ocrx_word' id='word_1_25' title='bbox 452 1041 527 1123; x_wconf 88' lang='lat' dir='ltr'>Quo</span> <span class='ocrx_word' id='word_1_26' title='bbox 539 1036 625 1118; x_wconf 86' lang='lat' dir='ltr'>ruis,</span> <span class='ocrx_word' id='word_1_27' title='bbox 639 1030 694 1100; x_wconf 89' lang='lat' dir='ltr'>illc</span> <span class='ocrx_word' id='word_1_28' title='bbox 706 1030 815 1124; x_wconf 76' lang='lat' dir='ltr'>adytis</span> <span class='ocrx_word' id='word_1_29' title='bbox 827 1028 946 1097; x_wconf 89' lang='lat' dir='ltr'>melior</span> <span class='ocrx_word' id='word_1_30' title='bbox 957 1027 1063 1098; x_wconf 84' lang='lat' dir='ltr'>locus.</span> <span class='ocrx_word' id='word_1_31' title='bbox 1077 1061 1090 1090; x_wconf 71' lang='lat' dir='ltr'>a</span> <span class='ocrx_word' id='word_1_32' title='bbox 1107 1034 1187 1097; x_wconf 78' lang='lat' dir='ltr'>Haec</span> <span class='ocrx_word' id='word_1_33' title='bbox 1198 1028 1257 1097; x_wconf 91' lang='lat' dir='ltr'>ubi</span> <span class='ocrx_word' id='word_1_34' title='bbox 1269 1028 1372 1112; x_wconf 91' lang='lat' dir='ltr'>dicta,</span> 
     </span>
     <span class='ocr_line' id='line_1_6' title="bbox 453 1137 1262 1239; baseline -0.009 -26"><span class='ocrx_word' id='word_1_35' title='bbox 453 1149 630 1239; x_wconf 76' lang='lat' dir='ltr'>Nigrantes</span> <span class='ocrx_word' id='word_1_36' title='bbox 641 1159 729 1210; x_wconf 88' lang='lat' dir='ltr'>terra</span> <span class='ocrx_word' id='word_1_37' title='bbox 741 1138 904 1233; x_wconf 84' lang='lat' dir='ltr'>pecudea,</span> <span class='ocrx_word' id='word_1_38' title='bbox 918 1137 1129 1234; x_wconf 74' lang='lat' dir='ltr'>obscuraque</span> <span class='ocrx_word' id='word_1_39' title='bbox 1140 1142 1262 1232; x_wconf 79' lang='lat' dir='ltr'><strong>mergit</strong></span> 
     </span>
     <span class='ocr_line' id='line_1_7' title="bbox 452 1248 1447 1334; baseline -0.006 -10"><span class='ocrx_word' id='word_1_40' title='bbox 452 1264 680 1334; x_wconf 82' lang='lat' dir='ltr'>Armenta,ac</span> <span class='ocrx_word' id='word_1_41' title='bbox 692 1254 775 1320; x_wconf 87' lang='lat' dir='ltr'>vivis</span> <span class='ocrx_word' id='word_1_42' title='bbox 787 1248 940 1319; x_wconf 86' lang='lat' dir='ltr'>cumulos</span> <span class='ocrx_word' id='word_1_43' title='bbox 951 1249 1110 1318; x_wconf 86' lang='lat' dir='ltr'>undantis</span> <span class='ocrx_word' id='word_1_44' title='bbox 1122 1275 1233 1319; x_wconf 87' lang='lat' dir='ltr'>arenae</span> <span class='ocrx_word' id='word_1_45' title='bbox 1395 1266 1447 1332; x_wconf 72' lang='lat'>340</span> 
     </span>
     <span class='ocr_line' id='line_1_8' title="bbox 452 1361 1231 1460; baseline -0.008 -24"><span class='ocrx_word' id='word_1_46' title='bbox 452 1376 611 1460; x_wconf 75' lang='lat' dir='ltr'>Aggerat,</span> <span class='ocrx_word' id='word_1_47' title='bbox 624 1381 657 1433; x_wconf 87' lang='lat' dir='ltr'>et</span> <span class='ocrx_word' id='word_1_48' title='bbox 669 1366 736 1432; x_wconf 86' lang='lat' dir='ltr'>vati</span> <span class='ocrx_word' id='word_1_49' title='bbox 747 1365 865 1430; x_wconf 88' lang='lat' dir='ltr'>mortis</span> <span class='ocrx_word' id='word_1_50' title='bbox 877 1361 1056 1430; x_wconf 87' lang='lat' dir='ltr'>simulacra</span> <span class='ocrx_word' id='word_1_51' title='bbox 1067 1362 1231 1456; x_wconf 80' lang='lat' dir='ltr'>rependit.</span> 
     </span>
    </p>

    <p class='ocr_par' dir='ltr' id='par_1_3' title="bbox 450 1471 1444 1902">
     <span class='ocr_line' id='line_1_9' title="bbox 497 1471 1342 1568; baseline -0.004 -24"><span class='ocrx_word' id='word_1_52' title='bbox 497 1477 592 1545; x_wconf 88' lang='lat' dir='ltr'>Talia</span> <span class='ocrx_word' id='word_1_53' title='bbox 603 1475 693 1568; x_wconf 89' lang='lat' dir='ltr'>apud</span> <span class='ocrx_word' id='word_1_54' title='bbox 705 1477 838 1558; x_wconf 87' lang='lat' dir='ltr'>Graios,</span> <span class='ocrx_word' id='word_1_55' title='bbox 852 1497 956 1568; x_wconf 92' lang='lat' dir='ltr'>quum</span> <span class='ocrx_word' id='word_1_56' title='bbox 967 1471 1038 1566; x_wconf 85' lang='lat' dir='ltr'>jam</span> <span class='ocrx_word' id='word_1_57' title='bbox 1049 1476 1214 1542; x_wconf 87' lang='lat' dir='ltr'>Mavortia</span> <span class='ocrx_word' id='word_1_58' title='bbox 1225 1489 1342 1543; x_wconf 86' lang='lat' dir='ltr'>contra</span> 
     </span>
     <span class='ocr_line' id='line_1_10' title="bbox 450 1583 1298 1678; baseline -0.005 -22"><span class='ocrx_word' id='word_1_59' title='bbox 450 1593 583 1656; x_wconf 82' lang='lat' dir='ltr'>Cornua</span> <span class='ocrx_word' id='word_1_60' title='bbox 592 1612 601 1668; x_wconf 80' lang='lat'>3</span> <span class='ocrx_word' id='word_1_61' title='bbox 610 1583 682 1678; x_wconf 86' lang='lat' dir='ltr'>jam</span> <span class='ocrx_word' id='word_1_62' title='bbox 695 1608 800 1653; x_wconf 82' lang='lat' dir='ltr'>saevos</span> <span class='ocrx_word' id='word_1_63' title='bbox 812 1585 925 1676; x_wconf 77' lang='lat' dir='ltr'>fragor</span> <span class='ocrx_word' id='word_1_64' title='bbox 936 1607 1044 1652; x_wconf 83' lang='lat' dir='ltr'>aereus</span> <span class='ocrx_word' id='word_1_65' title='bbox 1056 1587 1178 1652; x_wconf 85' lang='lat' dir='ltr'>excitat</span> <span class='ocrx_word' id='word_1_66' title='bbox 1188 1607 1298 1653; x_wconf 80' lang='lat' dir='ltr'>enses.</span> 
     </span>
     <span class='ocr_line' id='line_1_11' title="bbox 451 1695 1309 1766; baseline -0.002 0"><span class='ocrx_word' id='word_1_67' title='bbox 451 1698 550 1766; x_wconf 80' lang='lat' dir='ltr'>Addit</span> <span class='ocrx_word' id='word_1_68' title='bbox 560 1697 680 1766; x_wconf 87' lang='lat' dir='ltr'>acerba</span> <span class='ocrx_word' id='word_1_69' title='bbox 691 1719 814 1764; x_wconf 88' lang='lat' dir='ltr'>sonum</span> <span class='ocrx_word' id='word_1_70' title='bbox 826 1695 1008 1763; x_wconf 80' lang='lat' dir='ltr'>Theurneai</span> <span class='ocrx_word' id='word_1_71' title='bbox 1019 1719 1038 1762; x_wconf 86' lang='lat' dir='ltr'>e</span> <span class='ocrx_word' id='word_1_72' title='bbox 1051 1697 1172 1762; x_wconf 81' lang='lat' dir='ltr'>vertice</span> <span class='ocrx_word' id='word_1_73' title='bbox 1183 1698 1309 1764; x_wconf 89' lang='lat' dir='ltr'>crinem</span> 
     </span>
     <span class='ocr_line' id='line_1_12' title="bbox 450 1803 1444 1902; baseline -0.004 -28"><span class='ocrx_word' id='word_1_74' title='bbox 450 1810 802 1902; x_wconf 84' lang='lat' dir='ltr'>incutiens,acuitque</span> <span class='ocrx_word' id='word_1_75' title='bbox 815 1806 912 1873; x_wconf 85' lang='lat' dir='ltr'>tubas</span> <span class='ocrx_word' id='word_1_76' title='bbox 924 1821 958 1874; x_wconf 86' lang='lat' dir='ltr'>et</span> <span class='ocrx_word' id='word_1_77' title='bbox 971 1803 1066 1872; x_wconf 87' lang='lat' dir='ltr'>sibila</span> <span class='ocrx_word' id='word_1_78' title='bbox 1079 1806 1198 1872; x_wconf 86' lang='lat' dir='ltr'>miscet</span> <span class='ocrx_word' id='word_1_79' title='bbox 1392 1819 1444 1888; x_wconf 71' lang='lat'>345</span> 
     </span>
    </p>
   </div>
   <div class='ocr_carea' id='block_1_3' title="bbox 387 2055 1443 4344">
    <p class='ocr_par' dir='ltr' id='par_1_4' title="bbox 399 2055 1443 2363">
     <span class='ocr_line' id='line_1_13' title="bbox 436 2055 1443 2128; baseline -0.002 -16"><span class='ocrx_word' id='word_1_80' title='bbox 436 2059 496 2114; x_wconf 81' lang='lat'><strong>335.</strong></span> <span class='ocrx_word' id='word_1_81' title='bbox 506 2060 655 2112; x_wconf 75' lang='lat' dir='ltr'>Meduacus.</span> <span class='ocrx_word' id='word_1_82' title='bbox 666 2060 824 2110; x_wconf 71' lang='lat' dir='ltr'>Memoriana</span> <span class='ocrx_word' id='word_1_83' title='bbox 833 2076 899 2109; x_wconf 89' lang='lat' dir='ltr'>non·</span> <span class='ocrx_word' id='word_1_84' title='bbox 944 2057 1008 2110; x_wconf 81' lang='lat'><strong>505:</strong></span> <span class='ocrx_word' id='word_1_85' title='bbox 1020 2057 1115 2108; x_wconf 72' lang='lat' dir='ltr'>nTnuc</span> <span class='ocrx_word' id='word_1_86' title='bbox 1125 2069 1230 2128; x_wconf 74' lang='lat' dir='ltr'>egomet</span> <span class='ocrx_word' id='word_1_87' title='bbox 1238 2057 1368 2110; x_wconf 82' lang='lat' dir='ltr'>tunulum</span> <span class='ocrx_word' id='word_1_88' title='bbox 1378 2055 1443 2110; x_wconf 82' lang='lat' dir='ltr'>lihe-</span> 
     </span>
     <span class='ocr_line' id='line_1_14' title="bbox 400 2136 1439 2211; baseline -0.004 -19"><span class='ocrx_word' id='word_1_89' title='bbox 400 2136 467 2200; x_wconf 83' lang='lat' dir='ltr'>nulli</span> <span class='ocrx_word' id='word_1_90' title='bbox 478 2137 556 2190; x_wconf 88' lang='lat' dir='ltr'>codd.</span> <span class='ocrx_word' id='word_1_91' title='bbox 569 2137 897 2211; x_wconf 60' lang='lat' dir='ltr'>Bathiatai-Praesagia.</span> <span class='ocrx_word' id='word_1_92' title='bbox 943 2148 994 2186; x_wconf 65' lang='lat' dir='ltr'>taio</span> <span class='ocrx_word' id='word_1_93' title='bbox 1014 2137 1041 2186; x_wconf 91' lang='lat' dir='ltr'>in</span> <span class='ocrx_word' id='word_1_94' title='bbox 1062 2136 1138 2188; x_wconf 81' lang='lat' dir='ltr'>litora</span> <span class='ocrx_word' id='word_1_95' title='bbox 1155 2139 1261 2189; x_wconf 82' lang='lat' dir='ltr'>inanem</span> <span class='ocrx_word' id='word_1_96' title='bbox 1278 2139 1439 2192; x_wconf 73' lang='lat' dir='ltr'>Constitui.»</span> 
     </span>
     <span class='ocr_line' id='line_1_15' title="bbox 399 2212 1441 2288; baseline -0.002 -18"><span class='ocrx_word' id='word_1_97' title='bbox 399 2217 504 2284; x_wconf 84' lang='lat' dir='ltr'>Quibua</span> <span class='ocrx_word' id='word_1_98' title='bbox 513 2215 630 2270; x_wconf 78' lang='lat' dir='ltr'>divinare</span> <span class='ocrx_word' id='word_1_99' title='bbox 641 2217 744 2288; x_wconf 82' lang='lat' dir='ltr'>poaaia,</span> <span class='ocrx_word' id='word_1_100' title='bbox 755 2215 782 2267; x_wconf 92' lang='lat' dir='ltr'>id</span> <span class='ocrx_word' id='word_1_101' title='bbox 794 2229 846 2280; x_wconf 78' lang='lat' dir='ltr'>eat,</span> <span class='ocrx_word' id='word_1_102' title='bbox 858 2234 898 2268; x_wconf 80' lang='lat' dir='ltr'>aa·</span> <span class='ocrx_word' id='word_1_103' title='bbox 942 2212 1095 2266; x_wconf 79' lang='lat' dir='ltr'>Vocabatur</span> <span class='ocrx_word' id='word_1_104' title='bbox 1112 2226 1138 2265; x_wconf 85' lang='lat' dir='ltr'>et</span> <span class='ocrx_word' id='word_1_105' title='bbox 1158 2213 1369 2285; x_wconf 75' lang='lat' dir='ltr'>cenotaphium,</span> <span class='ocrx_word' id='word_1_106' title='bbox 1388 2235 1441 2288; x_wconf 88' lang='lat' dir='ltr'>quo</span> 
     </span>
     <span class='ocr_line' id='line_1_16' title="bbox 399 2291 1442 2363; baseline 0 -16"><span class='ocrx_word' id='word_1_107' title='bbox 399 2297 498 2349; x_wconf 84' lang='lat' dir='ltr'>crificia</span> <span class='ocrx_word' id='word_1_108' title='bbox 510 2294 674 2348; x_wconf 80' lang='lat' dir='ltr'>denuntiare.</span> <span class='ocrx_word' id='word_1_109' title='bbox 943 2291 1198 2363; x_wconf 69' lang='lat' dir='ltr'>repraesentabantur</span> <span class='ocrx_word' id='word_1_110' title='bbox 1204 2293 1294 2361; x_wconf 72' lang='lat' dir='ltr'>busta,</span> <span class='ocrx_word' id='word_1_111' title='bbox 1302 2307 1329 2347; x_wconf 83' lang='lat' dir='ltr'>et</span> <span class='ocrx_word' id='word_1_112' title='bbox 1335 2296 1442 2362; x_wconf 84' lang='lat' dir='ltr'>tumuli,</span> 
     </span>
    </p>

    <p class='ocr_par' dir='ltr' id='par_1_5' title="bbox 395 2369 1441 2840">
     <span class='ocr_line' id='line_1_17' title="bbox 433 2369 1441 2442; baseline -0.002 -14"><span class='ocrx_word' id='word_1_113' title='bbox 433 2375 494 2428; x_wconf 82' lang='lat'><strong>336.</strong></span> <span class='ocrx_word' id='word_1_114' title='bbox 503 2375 718 2426; x_wconf 80' lang='lat' dir='ltr'>Phoebaabaante.</span> <span class='ocrx_word' id='word_1_115' title='bbox 728 2373 835 2425; x_wconf 80' lang='lat' dir='ltr'>Etiamsi</span> <span class='ocrx_word' id='word_1_116' title='bbox 843 2391 898 2426; x_wconf 89' lang='lat' dir='ltr'>non</span> <span class='ocrx_word' id='word_1_117' title='bbox 942 2369 1441 2442; x_wconf 79' lang='lat' dir='ltr'>ubiipsacadaveranoneraut.—No-</span> 
     </span>
     <span class='ocr_line' id='line_1_18' title="bbox 399 2450 1391 2523; baseline 0 -17"><span class='ocrx_word' id='word_1_118' title='bbox 399 2452 468 2506; x_wconf 80' lang='lat' dir='ltr'>adsit</span> <span class='ocrx_word' id='word_1_119' title='bbox 476 2452 603 2519; x_wconf 70' lang='lat' dir='ltr'>Phoebus,</span> <span class='ocrx_word' id='word_1_120' title='bbox 614 2465 642 2505; x_wconf 86' lang='lat' dir='ltr'>tu</span> <span class='ocrx_word' id='word_1_121' title='bbox 650 2453 764 2504; x_wconf 75' lang='lat' dir='ltr'>sufficies</span> <span class='ocrx_word' id='word_1_122' title='bbox 775 2451 839 2504; x_wconf 90' lang='lat' dir='ltr'>mihi</span> <span class='ocrx_word' id='word_1_123' title='bbox 847 2471 897 2523; x_wconf 91' lang='lat' dir='ltr'>pro</span> <span class='ocrx_word' id='word_1_124' title='bbox 943 2467 1003 2501; x_wconf 86' lang='lat' dir='ltr'>man</span> <span class='ocrx_word' id='word_1_125' title='bbox 1013 2450 1162 2523; x_wconf 67' lang='lat' dir='ltr'>Cbuotaphe</span> <span class='ocrx_word' id='word_1_126' title='bbox 1170 2467 1308 2505; x_wconf 80' lang='lat' dir='ltr'>servarunt</span> <span class='ocrx_word' id='word_1_127' title='bbox 1316 2452 1391 2508; x_wconf 84' lang='lat' dir='ltr'>Galli.</span> 
     </span>
     <span class='ocr_line' id='line_1_19' title="bbox 395 2528 1440 2605; baseline 0.001 -19"><span class='ocrx_word' id='word_1_128' title='bbox 395 2534 464 2586; x_wconf 85' lang='lat' dir='ltr'>Deo.</span> <span class='ocrx_word' id='word_1_129' title='bbox 479 2537 539 2586; x_wconf 83' lang='lat' dir='ltr'>Vct.</span> <span class='ocrx_word' id='word_1_130' title='bbox 556 2530 644 2587; x_wconf 88' lang='lat' dir='ltr'>Schol.</span> <span class='ocrx_word' id='word_1_131' title='bbox 658 2533 777 2584; x_wconf 82' lang='lat' dir='ltr'>Fuerunt</span> <span class='ocrx_word' id='word_1_132' title='bbox 792 2543 897 2599; x_wconf 86' lang='lat' dir='ltr'>tamen,</span> <span class='ocrx_word' id='word_1_133' title='bbox 978 2528 1038 2595; x_wconf 67' lang='lat'>342.</span> <span class='ocrx_word' id='word_1_134' title='bbox 1051 2529 1440 2605; x_wconf 81' lang='lat' dir='ltr'>Contra.Excoutrariaparte,</span> 
     </span>
     <span class='ocr_line' id='line_1_20' title="bbox 398 2607 1422 2682; baseline 0 -18"><span class='ocrx_word' id='word_1_135' title='bbox 398 2614 434 2664; x_wconf 90' lang='lat' dir='ltr'>ait</span> <span class='ocrx_word' id='word_1_136' title='bbox 448 2610 581 2677; x_wconf 82' lang='lat' dir='ltr'>Barthiua,</span> <span class='ocrx_word' id='word_1_137' title='bbox 598 2625 669 2663; x_wconf 81' lang='lat' dir='ltr'>carta</span> <span class='ocrx_word' id='word_1_138' title='bbox 683 2625 818 2682; x_wconf 81' lang='lat' dir='ltr'>tempora,</span> <span class='ocrx_word' id='word_1_139' title='bbox 837 2613 897 2682; x_wconf 89' lang='lat' dir='ltr'>qui·</span> <span class='ocrx_word' id='word_1_140' title='bbox 942 2608 1065 2661; x_wconf 83' lang='lat' dir='ltr'>nimirum</span> <span class='ocrx_word' id='word_1_141' title='bbox 1076 2608 1149 2680; x_wconf 87' lang='lat' dir='ltr'>apud</span> <span class='ocrx_word' id='word_1_142' title='bbox 1156 2607 1422 2678; x_wconf 73' lang='lat' dir='ltr'>Thebanoa‚hoatea.</span> 
     </span>
     <span class='ocr_line' id='line_1_21' title="bbox 396 2687 1441 2766; baseline 0.004 -24"><span class='ocrx_word' id='word_1_143' title='bbox 396 2691 447 2744; x_wconf 86' lang='lat' dir='ltr'>bua</span> <span class='ocrx_word' id='word_1_144' title='bbox 458 2693 485 2743; x_wconf 90' lang='lat' dir='ltr'>in</span> <span class='ocrx_word' id='word_1_145' title='bbox 494 2691 594 2744; x_wconf 82' lang='lat' dir='ltr'>Graecia</span> <span class='ocrx_word' id='word_1_146' title='bbox 605 2709 660 2742; x_wconf 92' lang='lat' dir='ltr'>non</span> <span class='ocrx_word' id='word_1_147' title='bbox 671 2709 727 2742; x_wconf 82' lang='lat' dir='ltr'>ease</span> <span class='ocrx_word' id='word_1_148' title='bbox 737 2689 897 2761; x_wconf 75' lang='lat' dir='ltr'>perhibeba-</span> <span class='ocrx_word' id='word_1_149' title='bbox 977 2687 1039 2753; x_wconf 71' lang='grc'>343.</span> <span class='ocrx_word' id='word_1_150' title='bbox 1060 2689 1087 2740; x_wconf 85' lang='lat' dir='ltr'>C.</span> <span class='ocrx_word' id='word_1_151' title='bbox 1097 2691 1157 2760; x_wconf 82' lang='lat' dir='ltr'>jam</span> <span class='ocrx_word' id='word_1_152' title='bbox 1171 2707 1248 2743; x_wconf 78' lang='lat' dir='ltr'>toeuos</span> <span class='ocrx_word' id='word_1_153' title='bbox 1255 2690 1351 2766; x_wconf 71' lang='lat' dir='ltr'>fraqor</span> <span class='ocrx_word' id='word_1_154' title='bbox 1364 2709 1441 2746; x_wconf 82' lang='lat' dir='ltr'>oereut</span> 
     </span>
     <span class='ocr_line' id='line_1_22' title="bbox 397 2766 1441 2840; baseline 0.008 -24"><span class='ocrx_word' id='word_1_155' title='bbox 397 2783 440 2822; x_wconf 73' lang='lat' dir='ltr'>tur</span> <span class='ocrx_word' id='word_1_156' title='bbox 454 2769 560 2840; x_wconf 81' lang='lat' dir='ltr'>Apollo,</span> <span class='ocrx_word' id='word_1_157' title='bbox 941 2766 1122 2822; x_wconf 68' lang='lat' dir='ltr'>excitatenaet.</span> <span class='ocrx_word' id='word_1_158' title='bbox 1134 2770 1164 2818; x_wconf 88' lang='lat' dir='ltr'>ln</span> <span class='ocrx_word' id='word_1_159' title='bbox 1178 2766 1271 2821; x_wconf 83' lang='lat' dir='ltr'>eodem</span> <span class='ocrx_word' id='word_1_160' title='bbox 1288 2770 1381 2823; x_wconf 87' lang='lat' dir='ltr'>Behot.</span> <span class='ocrx_word' id='word_1_161' title='bbox 1394 2790 1441 2824; x_wconf 86' lang='lat' dir='ltr'>co·</span> 
     </span>
    </p>

    <p class='ocr_par' dir='ltr' id='par_1_6' title="bbox 395 2844 1441 3079">
     <span class='ocr_line' id='line_1_23' title="bbox 431 2844 1441 2922; baseline 0 -20"><span class='ocrx_word' id='word_1_162' title='bbox 431 2849 494 2918; x_wconf 81' lang='grc'>337.</span> <span class='ocrx_word' id='word_1_163' title='bbox 514 2847 580 2902; x_wconf 86' lang='lat' dir='ltr'>Delo</span> <span class='ocrx_word' id='word_1_164' title='bbox 601 2849 755 2922; x_wconf 75' lang='lat' dir='ltr'>Cynhaque.</span> <span class='ocrx_word' id='word_1_165' title='bbox 772 2847 853 2902; x_wconf 81' lang='lat' dir='ltr'>Delos</span> <span class='ocrx_word' id='word_1_166' title='bbox 870 2864 897 2903; x_wconf 87' lang='lat' dir='ltr'>et</span> <span class='ocrx_word' id='word_1_167' title='bbox 941 2844 1016 2896; x_wconf 79' lang='lat' dir='ltr'>dicct</span> <span class='ocrx_word' id='word_1_168' title='bbox 1026 2844 1123 2917; x_wconf 73' lang='lat' dir='ltr'>fraqor</span> <span class='ocrx_word' id='word_1_169' title='bbox 1131 2863 1224 2900; x_wconf 71' lang='lat' dir='ltr'>oennu.</span> <span class='ocrx_word' id='word_1_170' title='bbox 1239 2846 1291 2899; x_wconf 81' lang='lat' dir='ltr'>Sed</span> <span class='ocrx_word' id='word_1_171' title='bbox 1301 2849 1360 2901; x_wconf 82' lang='lat' dir='ltr'>vida</span> <span class='ocrx_word' id='word_1_172' title='bbox 1371 2851 1441 2902; x_wconf 84' lang='lat' dir='ltr'>Mar·</span> 
     </span>
     <span class='ocr_line' id='line_1_24' title="bbox 396 2921 1438 3001; baseline 0 -19"><span class='ocrx_word' id='word_1_173' title='bbox 396 2927 510 3001; x_wconf 74' lang='lat' dir='ltr'>Cyrrha,</span> <span class='ocrx_word' id='word_1_174' title='bbox 520 2926 579 2982; x_wconf 89' lang='lat' dir='ltr'>loca</span> <span class='ocrx_word' id='word_1_175' title='bbox 587 2927 717 2999; x_wconf 82' lang='lat' dir='ltr'>Apollinis</span> <span class='ocrx_word' id='word_1_176' title='bbox 726 2929 835 2981; x_wconf 85' lang='lat' dir='ltr'>oraculo</span> <span class='ocrx_word' id='word_1_177' title='bbox 845 2948 895 2982; x_wconf 92' lang='lat' dir='ltr'>no·</span> <span class='ocrx_word' id='word_1_178' title='bbox 941 2921 1066 2976; x_wconf 66' lang='lat' dir='ltr'>flandum</span> <span class='ocrx_word' id='word_1_179' title='bbox 1077 2925 1112 2976; x_wconf 81' lang='lat' dir='ltr'>ad</span> <span class='ocrx_word' id='word_1_180' title='bbox 1122 2924 1183 2977; x_wconf 81' lang='lat' dir='ltr'>Sllv.</span> <span class='ocrx_word' id='word_1_181' title='bbox 1194 2927 1219 2994; x_wconf 90' lang='lat' dir='ltr'>l,</span> <span class='ocrx_word' id='word_1_182' title='bbox 1232 2943 1255 2992; x_wconf 86' lang='lat'>1,</span> <span class='ocrx_word' id='word_1_183' title='bbox 1266 2925 1310 2994; x_wconf 79' lang='lat'>5¹,</span> <span class='ocrx_word' id='word_1_184' title='bbox 1320 2941 1346 2980; x_wconf 90' lang='lat' dir='ltr'>et</span> <span class='ocrx_word' id='word_1_185' title='bbox 1354 2928 1438 2982; x_wconf 82' lang='lat' dir='ltr'>Bentl.</span> 
     </span>
     <span class='ocr_line' id='line_1_25' title="bbox 395 3001 1441 3079; baseline 0.005 -25"><span class='ocrx_word' id='word_1_186' title='bbox 395 3009 510 3074; x_wconf 72' lang='lat' dir='ltr'>tissima,</span> <span class='ocrx_word' id='word_1_187' title='bbox 523 3020 552 3059; x_wconf 79' lang='lat' dir='ltr'>ut</span> <span class='ocrx_word' id='word_1_188' title='bbox 560 3010 615 3079; x_wconf 80' lang='lat' dir='ltr'>jam</span> <span class='ocrx_word' id='word_1_189' title='bbox 628 3011 723 3078; x_wconf 71' lang='lat' dir='ltr'>wpiua</span> <span class='ocrx_word' id='word_1_190' title='bbox 736 3007 858 3060; x_wconf 75' lang='lat' dir='ltr'>diximus.</span> <span class='ocrx_word' id='word_1_191' title='bbox 941 3001 975 3054; x_wconf 89' lang='lat' dir='ltr'>ad</span> <span class='ocrx_word' id='word_1_192' title='bbox 984 3004 1046 3054; x_wconf 81' lang='lat' dir='ltr'>lior.</span> <span class='ocrx_word' id='word_1_193' title='bbox 1057 3005 1094 3068; x_wconf 83' lang='lat' dir='ltr'>ll,</span> <span class='ocrx_word' id='word_1_194' title='bbox 1106 3004 1159 3057; x_wconf 87' lang='lat' dir='ltr'>Sat.</span> <span class='ocrx_word' id='word_1_195' title='bbox 1173 3005 1204 3070; x_wconf 82' lang='lat'>3,</span> <span class='ocrx_word' id='word_1_196' title='bbox 1218 3005 1274 3058; x_wconf 81' lang='grc'>183.</span> <span class='ocrx_word' id='word_1_197' title='bbox 1285 3009 1315 3058; x_wconf 85' lang='lat' dir='ltr'>ln</span> <span class='ocrx_word' id='word_1_198' title='bbox 1327 3007 1441 3061; x_wconf 83' lang='lat' dir='ltr'>nonnul·</span> 
     </span>
    </p>

    <p class='ocr_par' dir='ltr' id='par_1_7' title="bbox 392 3083 1441 3556">
     <span class='ocr_line' id='line_1_26' title="bbox 430 3083 1438 3158; baseline 0.003 -18"><span class='ocrx_word' id='word_1_199' title='bbox 430 3087 491 3140; x_wconf 82' lang='lat'><strong>338.</strong></span> <span class='ocrx_word' id='word_1_200' title='bbox 512 3089 570 3158; x_wconf 82' lang='lat' dir='ltr'>Quo</span> <span class='ocrx_word' id='word_1_201' title='bbox 589 3088 648 3140; x_wconf 80' lang='lat' dir='ltr'>ruia.</span> <span class='ocrx_word' id='word_1_202' title='bbox 668 3090 726 3140; x_wconf 85' lang='lat' dir='ltr'>Hoc</span> <span class='ocrx_word' id='word_1_203' title='bbox 745 3089 816 3140; x_wconf 87' lang='lat' dir='ltr'>enirn</span> <span class='ocrx_word' id='word_1_204' title='bbox 833 3086 893 3139; x_wconf 86' lang='lat' dir='ltr'>loco</span> <span class='ocrx_word' id='word_1_205' title='bbox 939 3083 971 3135; x_wconf 83' lang='lat' dir='ltr'>lia</span> <span class='ocrx_word' id='word_1_206' title='bbox 986 3083 1063 3136; x_wconf 88' lang='lat' dir='ltr'>codd.</span> <span class='ocrx_word' id='word_1_207' title='bbox 1077 3085 1166 3137; x_wconf 83' lang='lat' dir='ltr'>Barth.</span> <span class='ocrx_word' id='word_1_208' title='bbox 1179 3088 1364 3156; x_wconf 70' lang='lat' dir='ltr'>incitatorem,</span> <span class='ocrx_word' id='word_1_209' title='bbox 1378 3107 1438 3142; x_wconf 86' lang='lat' dir='ltr'>cum</span> 
     </span>
     <span class='ocr_line' id='line_1_27' title="bbox 395 3161 1439 3238; baseline 0.004 -20"><span class='ocrx_word' id='word_1_210' title='bbox 395 3165 522 3237; x_wconf 81' lang='lat' dir='ltr'>ternplum</span> <span class='ocrx_word' id='word_1_211' title='bbox 534 3165 695 3238; x_wconf 80' lang='lat' dir='ltr'>Amphiarao</span> <span class='ocrx_word' id='word_1_212' title='bbox 710 3180 829 3220; x_wconf 81' lang='lat' dir='ltr'>erectum</span> <span class='ocrx_word' id='word_1_213' title='bbox 840 3181 893 3232; x_wconf 89' lang='lat' dir='ltr'>eat,</span> <span class='ocrx_word' id='word_1_214' title='bbox 938 3161 1042 3232; x_wconf 67' lang='lat' dir='ltr'>glutina</span> <span class='ocrx_word' id='word_1_215' title='bbox 1053 3164 1168 3230; x_wconf 79' lang='lat' dir='ltr'>exacuit,</span> <span class='ocrx_word' id='word_1_216' title='bbox 1180 3179 1322 3236; x_wconf 78' lang='lat' dir='ltr'>promovet.</span> <span class='ocrx_word' id='word_1_217' title='bbox 1333 3199 1369 3208; x_wconf 94' lang='lat'><em>-</em></span> <span class='ocrx_word' id='word_1_218' title='bbox 1380 3172 1439 3222; x_wconf 84' lang='lat' dir='ltr'>Cor·</span> 
     </span>
     <span class='ocr_line' id='line_1_28' title="bbox 394 3242 1441 3320; baseline 0.004 -24"><span class='ocrx_word' id='word_1_219' title='bbox 394 3259 423 3296; x_wconf 92' lang='lat' dir='ltr'>ut</span> <span class='ocrx_word' id='word_1_220' title='bbox 443 3263 523 3317; x_wconf 71' lang='lat' dir='ltr'>supra</span> <span class='ocrx_word' id='word_1_221' title='bbox 541 3245 663 3298; x_wconf 82' lang='lat' dir='ltr'>diximus.</span> <span class='ocrx_word' id='word_1_222' title='bbox 684 3272 722 3283; x_wconf 89' lang='lat'><em>-</em></span> <span class='ocrx_word' id='word_1_223' title='bbox 737 3243 790 3296; x_wconf 80' lang='lat' dir='ltr'>iile</span> <span class='ocrx_word' id='word_1_224' title='bbox 809 3243 894 3314; x_wconf 78' lang='lat' dir='ltr'>adytis</span> <span class='ocrx_word' id='word_1_225' title='bbox 939 3260 1000 3294; x_wconf 83' lang='lat' dir='ltr'>oua.</span> <span class='ocrx_word' id='word_1_226' title='bbox 1024 3242 1139 3315; x_wconf 84' lang='lat' dir='ltr'>Suppla,</span> <span class='ocrx_word' id='word_1_227' title='bbox 1163 3257 1266 3297; x_wconf 85' lang='lat' dir='ltr'>sonant.</span> <span class='ocrx_word' id='word_1_228' title='bbox 1287 3277 1323 3288; x_wconf 91' lang='lat'><em>-</em></span> <span class='ocrx_word' id='word_1_229' title='bbox 1343 3249 1441 3320; x_wconf 72' lang='lat' dir='ltr'>Fraqor</span> 
     </span>
     <span class='ocr_line' id='line_1_29' title="bbox 394 3318 1436 3390; baseline 0.005 -16"><span class='ocrx_word' id='word_1_230' title='bbox 394 3323 494 3378; x_wconf 81' lang='lat' dir='ltr'>melior.</span> <span class='ocrx_word' id='word_1_231' title='bbox 508 3322 554 3376; x_wconf 84' lang='lat' dir='ltr'>llle</span> <span class='ocrx_word' id='word_1_232' title='bbox 568 3322 644 3374; x_wconf 82' lang='lat' dir='ltr'>locut</span> <span class='ocrx_word' id='word_1_233' title='bbox 654 3323 788 3390; x_wconf 77' lang='lat' dir='ltr'>responsis</span> <span class='ocrx_word' id='word_1_234' title='bbox 799 3318 892 3374; x_wconf 80' lang='lat' dir='ltr'>dandis</span> <span class='ocrx_word' id='word_1_235' title='bbox 938 3335 1024 3373; x_wconf 66' lang='lat' dir='ltr'>terem.</span> <span class='ocrx_word' id='word_1_236' title='bbox 1039 3321 1146 3372; x_wconf 80' lang='lat' dir='ltr'>Sonitua</span> <span class='ocrx_word' id='word_1_237' title='bbox 1163 3322 1286 3374; x_wconf 79' lang='lat' dir='ltr'>tubarum</span> <span class='ocrx_word' id='word_1_238' title='bbox 1303 3344 1436 3378; x_wconf 66' lang='lat' dir='ltr'>erearum.</span> 
     </span>
     <span class='ocr_line' id='line_1_30' title="bbox 392 3399 1438 3476; baseline 0.002 -19"><span class='ocrx_word' id='word_1_239' title='bbox 392 3417 432 3457; x_wconf 80' lang='lat' dir='ltr'>eat</span> <span class='ocrx_word' id='word_1_240' title='bbox 449 3403 560 3476; x_wconf 74' lang='lat' dir='ltr'>diguus,</span> <span class='ocrx_word' id='word_1_241' title='bbox 580 3401 627 3453; x_wconf 83' lang='lat' dir='ltr'>uhi</span> <span class='ocrx_word' id='word_1_242' title='bbox 645 3399 720 3452; x_wconf 88' lang='lat' dir='ltr'>hiatu</span> <span class='ocrx_word' id='word_1_243' title='bbox 739 3413 814 3450; x_wconf 79' lang='lat' dir='ltr'>tarrae</span> <span class='ocrx_word' id='word_1_244' title='bbox 828 3399 894 3451; x_wconf 84' lang='lat' dir='ltr'>aub-</span> <span class='ocrx_word' id='word_1_245' title='bbox 938 3400 1078 3474; x_wconf 72' lang='lat' dir='ltr'>-Fraqor</span> <span class='ocrx_word' id='word_1_246' title='bbox 1085 3417 1170 3454; x_wconf 62' lang='grc' dir='ltr'><strong><em>παις.</em></strong></span> <span class='ocrx_word' id='word_1_247' title='bbox 1181 3404 1321 3456; x_wconf 80' lang='lat' dir='ltr'>Armorum</span> <span class='ocrx_word' id='word_1_248' title='bbox 1331 3423 1438 3459; x_wconf 84' lang='lat' dir='ltr'>concre-</span> 
     </span>
     <span class='ocr_line' id='line_1_31' title="bbox 393 3477 1436 3556; baseline 0.005 -23"><span class='ocrx_word' id='word_1_249' title='bbox 393 3497 493 3534; x_wconf 79' lang='lat' dir='ltr'>mersus</span> <span class='ocrx_word' id='word_1_250' title='bbox 508 3493 547 3533; x_wconf 79' lang='lat' dir='ltr'>aot</span> <span class='ocrx_word' id='word_1_251' title='bbox 560 3478 746 3549; x_wconf 72' lang='lat' dir='ltr'>Amphiaraus.</span> <span class='ocrx_word' id='word_1_252' title='bbox 764 3477 890 3530; x_wconf 72' lang='lat' dir='ltr'>Lemana.</span> <span class='ocrx_word' id='word_1_253' title='bbox 938 3482 1074 3550; x_wconf 77' lang='lat' dir='ltr'>pontium,</span> <span class='ocrx_word' id='word_1_254' title='bbox 1090 3479 1211 3534; x_wconf 84' lang='lat' dir='ltr'>talorum.</span> <span class='ocrx_word' id='word_1_255' title='bbox 1229 3485 1314 3556; x_wconf 85' lang='lat' dir='ltr'>Supra</span> <span class='ocrx_word' id='word_1_256' title='bbox 1328 3505 1353 3536; x_wconf 80' lang='lat' dir='ltr'>v.</span> <span class='ocrx_word' id='word_1_257' title='bbox 1370 3487 1436 3540; x_wconf 78' lang='lat'><strong>263:</strong></span> 
     </span>
    </p>

    <p class='ocr_par' dir='ltr' id='par_1_8' title="bbox 387 3555 1438 4175">
     <span class='ocr_line' id='line_1_32' title="bbox 426 3555 1438 3633; baseline 0.006 -21"><span class='ocrx_word' id='word_1_258' title='bbox 426 3560 488 3630; x_wconf 83' lang='lat'>339.</span> <span class='ocrx_word' id='word_1_259' title='bbox 498 3559 637 3629; x_wconf 73' lang='lat' dir='ltr'>Niqrautea</span> <span class='ocrx_word' id='word_1_260' title='bbox 647 3567 713 3606; x_wconf 81' lang='lat' dir='ltr'>term</span> <span class='ocrx_word' id='word_1_261' title='bbox 719 3555 834 3626; x_wconf 70' lang='lat' dir='ltr'>penades.</span> <span class='ocrx_word' id='word_1_262' title='bbox 844 3558 892 3610; x_wconf 84' lang='lat' dir='ltr'>Ni·</span> <span class='ocrx_word' id='word_1_263' title='bbox 940 3582 951 3606; x_wconf 82' lang='grc' dir='ltr'>ι</span> <span class='ocrx_word' id='word_1_264' title='bbox 961 3557 1036 3612; x_wconf 89' lang='lat' dir='ltr'>illurn</span> <span class='ocrx_word' id='word_1_265' title='bbox 1045 3579 1127 3612; x_wconf 74' lang='lat' dir='ltr'>creua</span> <span class='ocrx_word' id='word_1_266' title='bbox 1137 3560 1254 3633; x_wconf 86' lang='lat' dir='ltr'>undique</span> <span class='ocrx_word' id='word_1_267' title='bbox 1263 3563 1364 3616; x_wconf 85' lang='lat' dir='ltr'>clamor</span> <span class='ocrx_word' id='word_1_268' title='bbox 1371 3565 1438 3618; x_wconf 78' lang='lat' dir='ltr'>The·</span> 
     </span>
     <span class='ocr_line' id='line_1_33' title="bbox 387 3633 1437 3711; baseline 0.006 -21"><span class='ocrx_word' id='word_1_269' title='bbox 387 3652 491 3710; x_wconf 74' lang='lat' dir='ltr'>quantes</span> <span class='ocrx_word' id='word_1_270' title='bbox 507 3648 576 3690; x_wconf 83' lang='lat' dir='ltr'>tarroe</span> <span class='ocrx_word' id='word_1_271' title='bbox 595 3653 663 3688; x_wconf 87' lang='lat' dir='ltr'>unua</span> <span class='ocrx_word' id='word_1_272' title='bbox 681 3633 773 3690; x_wconf 86' lang='lat' dir='ltr'>Behot.</span> <span class='ocrx_word' id='word_1_273' title='bbox 788 3666 823 3678; x_wconf 93' lang='lat'>—</span> <span class='ocrx_word' id='word_1_274' title='bbox 839 3637 890 3689; x_wconf 84' lang='lat' dir='ltr'>Ni·</span> <span class='ocrx_word' id='word_1_275' title='bbox 937 3637 1054 3711; x_wconf 85' lang='lat' dir='ltr'>baniqua</span> <span class='ocrx_word' id='word_1_276' title='bbox 1067 3651 1147 3692; x_wconf 87' lang='lat' dir='ltr'>urunt</span> <span class='ocrx_word' id='word_1_277' title='bbox 1158 3643 1294 3693; x_wconf 69' lang='lat' dir='ltr'>sonituu-</span> <span class='ocrx_word' id='word_1_278' title='bbox 1311 3671 1345 3682; x_wconf 90' lang='lat'>·—</span> <span class='ocrx_word' id='word_1_279' title='bbox 1356 3643 1437 3696; x_wconf 72' lang='lat' dir='ltr'>Exci-</span> 
     </span>
     <span class='ocr_line' id='line_1_34' title="bbox 387 3715 1436 3789; baseline 0.008 -21"><span class='ocrx_word' id='word_1_280' title='bbox 387 3726 491 3789; x_wconf 68' lang='lat' dir='ltr'>praates</span> <span class='ocrx_word' id='word_1_281' title='bbox 509 3728 575 3768; x_wconf 79' lang='lat' dir='ltr'>terra</span> <span class='ocrx_word' id='word_1_282' title='bbox 591 3715 716 3787; x_wconf 76' lang='lat' dir='ltr'>pecudea,</span> <span class='ocrx_word' id='word_1_283' title='bbox 735 3715 891 3788; x_wconf 75' lang='lat' dir='ltr'>obscuraque</span> <span class='ocrx_word' id='word_1_284' title='bbox 936 3728 981 3770; x_wconf 88' lang='lat' dir='ltr'>tat.</span> <span class='ocrx_word' id='word_1_285' title='bbox 996 3720 1026 3770; x_wconf 92' lang='lat' dir='ltr'>ln</span> <span class='ocrx_word' id='word_1_286' title='bbox 1039 3717 1174 3771; x_wconf 75' lang='lat' dir='ltr'>nonnullis</span> <span class='ocrx_word' id='word_1_287' title='bbox 1189 3719 1261 3773; x_wconf 83' lang='lat' dir='ltr'>libris</span> <span class='ocrx_word' id='word_1_288' title='bbox 1273 3733 1312 3774; x_wconf 82' lang='lat' dir='ltr'>est</span> <span class='ocrx_word' id='word_1_289' title='bbox 1326 3723 1436 3788; x_wconf 72' lang='lat' dir='ltr'>imitat,</span> 
     </span>
     <span class='ocr_line' id='line_1_35' title="bbox 391 3795 1434 3872; baseline 0.01 -26"><span class='ocrx_word' id='word_1_290' title='bbox 391 3795 635 3868; x_wconf 71' lang='lat' dir='ltr'>aneryitArmeata,</span> <span class='ocrx_word' id='word_1_291' title='bbox 654 3808 704 3847; x_wconf 85' lang='lat' dir='ltr'>ato.</span> <span class='ocrx_word' id='word_1_292' title='bbox 718 3795 836 3848; x_wconf 70' lang='lat' dir='ltr'>Victima</span> <span class='ocrx_word' id='word_1_293' title='bbox 849 3796 890 3848; x_wconf 90' lang='lat' dir='ltr'>ni-</span> <span class='ocrx_word' id='word_1_294' title='bbox 935 3813 996 3848; x_wconf 89' lang='lat' dir='ltr'>cum</span> <span class='ocrx_word' id='word_1_295' title='bbox 1021 3796 1127 3866; x_wconf 77' lang='lat' dir='ltr'>glasto,</span> <span class='ocrx_word' id='word_1_296' title='bbox 1152 3802 1269 3864; x_wconf 76' lang='lat' dir='ltr'>exacuit,</span> <span class='ocrx_word' id='word_1_297' title='bbox 1291 3815 1434 3872; x_wconf 80' lang='lat' dir='ltr'>promovet.</span> 
     </span>
     <span class='ocr_line' id='line_1_36' title="bbox 390 3872 1100 3942; baseline 0.003 -16"><span class='ocrx_word' id='word_1_298' title='bbox 390 3877 430 3942; x_wconf 66' lang='lat' dir='ltr'>firi</span> <span class='ocrx_word' id='word_1_299' title='bbox 446 3872 546 3928; x_wconf 83' lang='lat' dir='ltr'>vellaria</span> <span class='ocrx_word' id='word_1_300' title='bbox 559 3874 744 3929; x_wconf 79' lang='lat' dir='ltr'>offerebantur</span> <span class='ocrx_word' id='word_1_301' title='bbox 754 3877 810 3928; x_wconf 77' lang='lat' dir='ltr'>Diis</span> <span class='ocrx_word' id='word_1_302' title='bbox 821 3877 889 3929; x_wconf 78' lang='lat' dir='ltr'>lula-</span> <span class='ocrx_word' id='word_1_303' title='bbox 934 3873 1000 3927; x_wconf 81' lang='lat' dir='ltr'>Vide</span> <span class='ocrx_word' id='word_1_304' title='bbox 1015 3875 1100 3928; x_wconf 83' lang='lat' dir='ltr'>Strab.</span> 
     </span>
     <span class='ocr_line' id='line_1_37' title="bbox 389 3953 1435 4026; baseline 0.01 -22"><span class='ocrx_word' id='word_1_305' title='bbox 389 3954 424 4005; x_wconf 76' lang='lat' dir='ltr'>ris</span> <span class='ocrx_word' id='word_1_306' title='bbox 432 3993 439 4020; x_wconf 97' lang='lat'>,</span> <span class='ocrx_word' id='word_1_307' title='bbox 448 3972 597 4026; x_wconf 83' lang='lat' dir='ltr'>exquorum</span> <span class='ocrx_word' id='word_1_308' title='bbox 605 3954 812 4008; x_wconf 82' lang='lat' dir='ltr'>nurneroTcllua</span> <span class='ocrx_word' id='word_1_309' title='bbox 820 3969 888 4022; x_wconf 83' lang='lat' dir='ltr'>arat,</span> <span class='ocrx_word' id='word_1_310' title='bbox 969 3953 1029 4021; x_wconf 73' lang='grc'>344.</span> <span class='ocrx_word' id='word_1_311' title='bbox 1051 3955 1117 4010; x_wconf 74' lang='lat' dir='ltr'>aad.</span> <span class='ocrx_word' id='word_1_312' title='bbox 1129 3977 1154 4008; x_wconf 87' lang='lat' dir='ltr'>a.</span> <span class='ocrx_word' id='word_1_313' title='bbox 1166 3975 1185 4009; x_wconf 77' lang='lat' dir='ltr'>a.</span> <span class='ocrx_word' id='word_1_314' title='bbox 1203 3957 1341 4012; x_wconf 80' lang='lat' dir='ltr'>Theumaai</span> <span class='ocrx_word' id='word_1_315' title='bbox 1351 3979 1366 4012; x_wconf 82' lang='lat' dir='ltr'>c</span> <span class='ocrx_word' id='word_1_316' title='bbox 1377 3979 1435 4014; x_wconf 81' lang='lat' dir='ltr'>aar·</span> 
     </span>
     <span class='ocr_line' id='line_1_38' title="bbox 388 4030 1434 4096; baseline 0.011 -14"><span class='ocrx_word' id='word_1_317' title='bbox 388 4045 414 4082; x_wconf 87' lang='lat' dir='ltr'>et</span> <span class='ocrx_word' id='word_1_318' title='bbox 424 4033 486 4084; x_wconf 79' lang='lat' dir='ltr'>vive</span> <span class='ocrx_word' id='word_1_319' title='bbox 497 4030 696 4085; x_wconf 78' lang='lat' dir='ltr'>infodiebantur</span> <span class='ocrx_word' id='word_1_320' title='bbox 705 4045 790 4096; x_wconf 75' lang='lat' dir='ltr'>terre,</span> <span class='ocrx_word' id='word_1_321' title='bbox 803 4048 834 4084; x_wconf 89' lang='lat' dir='ltr'>ut</span> <span class='ocrx_word' id='word_1_322' title='bbox 843 4033 888 4086; x_wconf 88' lang='lat' dir='ltr'>hie</span> <span class='ocrx_word' id='word_1_323' title='bbox 934 4033 1091 4088; x_wconf 79' lang='lat' dir='ltr'>ticecrioem.</span> <span class='ocrx_word' id='word_1_324' title='bbox 1101 4033 1258 4090; x_wconf 74' lang='lat' dir='ltr'>Thaumasia</span> <span class='ocrx_word' id='word_1_325' title='bbox 1266 4039 1434 4094; x_wconf 78' lang='lat' dir='ltr'>verticeunoa</span> 
     </span>
     <span class='ocr_line' id='line_1_39' title="bbox 388 4111 1433 4175; baseline 0.011 -14"><span class='ocrx_word' id='word_1_326' title='bbox 388 4113 467 4164; x_wconf 82' lang='lat' dir='ltr'>refert</span> <span class='ocrx_word' id='word_1_327' title='bbox 480 4114 571 4163; x_wconf 85' lang='lat' dir='ltr'>Poeta.</span> <span class='ocrx_word' id='word_1_328' title='bbox 933 4111 1023 4165; x_wconf 83' lang='lat' dir='ltr'>Behoa.</span> <span class='ocrx_word' id='word_1_329' title='bbox 1046 4144 1081 4156; x_wconf 92' lang='lat'>—</span> <span class='ocrx_word' id='word_1_330' title='bbox 1103 4115 1249 4169; x_wconf 76' lang='lat' dir='ltr'>Thaumaci.</span> <span class='ocrx_word' id='word_1_331' title='bbox 1268 4117 1433 4175; x_wconf 70' lang='lat' dir='ltr'>Thaumacos</span> 
     </span>
    </p>

    <p class='ocr_par' dir='ltr' id='par_1_9' title="bbox 387 4167 1433 4344">
     <span class='ocr_line' id='line_1_40' title="bbox 422 4167 1433 4263; baseline 0.008 -19"><span class='ocrx_word' id='word_1_332' title='bbox 422 4189 482 4256; x_wconf 74' lang='grc'>341.</span> <span class='ocrx_word' id='word_1_333' title='bbox 496 4187 745 4244; x_wconf 72' lang='lat' dir='ltr'>uanissimam.</span> <span class='ocrx_word' id='word_1_334' title='bbox 759 4167 887 4263; x_wconf 59' lang='lat' dir='ltr'>magina-</span> <span class='ocrx_word' id='word_1_335' title='bbox 933 4211 1007 4244; x_wconf 83' lang='lat' dir='ltr'>mona</span> <span class='ocrx_word' id='word_1_336' title='bbox 1026 4195 1139 4247; x_wconf 74' lang='lat' dir='ltr'>uoeotiae.</span> <span class='ocrx_word' id='word_1_337' title='bbox 1155 4225 1192 4238; x_wconf 85' lang='lat'>-</span> <span class='ocrx_word' id='word_1_338' title='bbox 1209 4198 1288 4250; x_wconf 83' lang='lat' dir='ltr'>Mona</span> <span class='ocrx_word' id='word_1_339' title='bbox 1303 4218 1357 4250; x_wconf 92' lang='lat' dir='ltr'>non</span> <span class='ocrx_word' id='word_1_340' title='bbox 1375 4219 1433 4253; x_wconf 84' lang='lat' dir='ltr'>ma-</span> 
     </span>
     <span class='ocr_line' id='line_1_41' title="bbox 387 4267 1365 4344; baseline 0.009 -23"><span class='ocrx_word' id='word_1_341' title='bbox 387 4273 452 4322; x_wconf 85' lang='lat' dir='ltr'>rium</span> <span class='ocrx_word' id='word_1_342' title='bbox 467 4271 554 4323; x_wconf 78' lang='lat' dir='ltr'>funus.</span> <span class='ocrx_word' id='word_1_343' title='bbox 569 4267 710 4338; x_wconf 70' lang='lat' dir='ltr'>Virgilius,</span> <span class='ocrx_word' id='word_1_344' title='bbox 725 4269 825 4322; x_wconf 85' lang='lat' dir='ltr'>AEncid.</span> <span class='ocrx_word' id='word_1_345' title='bbox 839 4273 887 4336; x_wconf 92' lang='lat' dir='ltr'>Vl,</span> <span class='ocrx_word' id='word_1_346' title='bbox 931 4290 1050 4344; x_wconf 73' lang='lat' dir='ltr'>gnopero</span> <span class='ocrx_word' id='word_1_347' title='bbox 1063 4273 1189 4327; x_wconf 79' lang='lat' dir='ltr'>excelsus.</span> <span class='ocrx_word' id='word_1_348' title='bbox 1200 4275 1267 4329; x_wconf 84' lang='lat' dir='ltr'>Vide</span> <span class='ocrx_word' id='word_1_349' title='bbox 1279 4275 1365 4331; x_wconf 84' lang='lat' dir='ltr'>Strab.</span> 
     </span>
    </p>
   </div>
   <div class='ocr_carea' id='block_1_4' title="bbox 0 0 1620 5168">
    <p class='ocr_par' dir='ltr' id='par_1_10' title="bbox 0 0 1620 5168">
     <span class='ocr_line' id='line_1_42' title="bbox 0 0 1620 5168; baseline 0 5"><span class='ocrx_word' id='word_1_350' title='bbox 0 0 1620 5168; x_wconf 95' lang='lat' dir='ltr'> </span> 
     </span>
    </p>
   </div>
  </div>
 </body>
</html>
