3264 5166
251 543 534 668 PUBLII
575 538 900 664 PAPINII
935 538 1212 666 STATII
1276 583 1278 588 ’
1357 519 1358 522 Ὺ

224 1023 226 1028 ψ
382 876 1083 1061 THEBAIDOS

478 1261 667 1350 ursula
693 1209 986 1360 nuuluus

552 1828 915 1894 ARGUMENTUM.

210 2085 303 2147 Nocte
322 2079 431 2168 praelio
452 2083 602 2159 diremto,
623 2083 729 2166 Argivi
748 2085 845 2145 tristes
865 2085 899 2144 in
923 2093 1021 2144 castra
1039 2105 1070 2144 se
1088 2085 1259 2168 recipiunt,

251 2183 369 2242 amissis
388 2192 523 2262 quatuor
544 2180 719 2241 fortissimis
740 2179 888 2256 ducibus,
908 2180 1115 2264 Amphiarao,
1135 2181 1260 2266 Tydeo,

250 2277 520 2361 Hippomedonte,
530 2292 560 2337 et
569 2268 809 2359 Parthenopaeo;
825 2271 929 2338 14-15.
942 2281 1011 2338 Hoc
1020 2299 1156 2339 successu
1166 2278 1262 2338 elatus

249 2378 405 2454 Eteocles,
418 2377 523 2459 copias
536 2398 591 2460 per
604 2388 727 2437 noctem
741 2379 849 2454 mittit,
862 2369 932 2458 quae
944 2399 996 2438 eos
1010 2379 1044 2439 in
1059 2380 1164 2440 castris
1178 2379 1262 2438 obsi·

251 2475 365 2552 deant,
385 2475 628 2558 observentque,
647 2477 772 2558 ignibus
786 2477 937 2553 accensis,
952 2498 991 2537 ne
1006 2475 1079 2566 fuga
1094 2461 1261 2538 saluti'suae

252 2572 463 2651 consulerent3
489 2570 614 2648 16-48.
643 2574 727 2634 Dum
746 2573 887 2634 Thebani
907 2575 1024 2635 vallum
1048 2572 1263 2649 circumdant,

252 2671 337 2731 Juno
350 2683 435 2731 mota
450 2671 606 2753 precibus,
621 2693 697 2753 quas
712 2671 757 2731 illi
772 2688 924 2734 matronae
936 2673 1055 2754 Argivae
1072 2693 1130 2754 pro
1145 2671 1264 2732 maritis

253 2768 374 2830 assidue
386 2769 576 2845 fundebant,
591 2768 699 2830 videns
712 2769 746 2830 in
760 2792 824 2852 quo
838 2783 927 2832 erant
941 2770 1093 2853 periculo,
1113 2769 1176 2828 lriu
1191 2771 1265 2827 mit·

253 2865 292 2924 tit
305 2866 344 2925 ad
359 2867 525 2941 Somnum,
543 2867 615 2948 qui,
630 2867 702 2927 Deae
712 2866 803 2950 jussis
817 2867 1004 2947 obsequens,
1019 2865 1197 2948 gravissimo
1214 2886 1263 2923 so·

159 3007 166 3012 -
255 2983 329 3044 pore
337 2960 501 3023 Thebanos
511 2962 630 3038 obruit;
640 2959 788 3042 49—155.
802 2963 1023 3022 Consternatus
1035 2961 1159 3020 interim
1171 2959 1265 3036 Adra-

256 3074 320 3121 stus
331 3061 499 3122 concilium
511 3075 619 3135 vocat,
632 3060 857 3120 deliberaturus
869 3059 945 3140 quid
961 3059 994 3118 in
1010 3057 1070 3120 boc
1087 3059 1265 3119 discrimine

255 3160 410 3242 agendum
431 3157 510 3220 foret
530 3183 536 3218 :
558 3161 665 3241 Augur
684 3159 808 3220 advenit
825 3156 1034 3235 Thiodamas,
1053 3159 1107 3242 qui
1126 3145 1265 3240 trepidos

256 3257 362 3337 erigit,
374 3258 562 3332 exclamans,
575 3276 661 3315 arma
673 3257 738 3315 sine
750 3275 838 3316 mora
851 3254 1014 3336 capienda,
1025 3252 1190 3316 Thebanos
1202 3277 1267 3329 arc·

221 3369 224 3376 ’
254 3352 373 3414 sissimo
395 3373 505 3414 somno
526 3365 687 3434 gravatos,
708 3351 884 3435 apparuisse
902 3351 962 3412 sibi
980 3347 1222 3437 Amphiaraum,
1238 3365 1268 3412 et

256 3452 432 3528 monuisse,
451 3473 490 3512 ne
506 3449 588 3511 hanc
606 3449 686 3511 elabi
705 3451 898 3511 occasionem
917 3465 1055 3534 acceptas
1074 3448 1174 3510 clades
1192 3449 1268 3509 ulci-

257 3547 362 3608 scendi
382 3550 533 3623 sinerent3
557 3548 722 3608 156-218.
753 3548 808 3608 llis
823 3546 911 3608 dictis
929 3547 963 3606 iu
982 3545 1082 3607 hostes
1099 3547 1217 3623 tendit,
1238 3561 1268 3609 et

257 3665 364 3706 omnes
374 3667 445 3706 eum
456 3645 678 3727 sequebantur3
691 3645 742 3706 sed
753 3647 882 3727 triginta
892 3656 1016 3705 tantum
1025 3645 1110 3728 eligit
1121 3666 1183 3705 una
1196 3667 1268 3706 cum

257 3743 386 3828 Agylleo
398 3756 429 3804 ct
440 3745 568 3804 Actore:
584 3743 652 3803 aliis
665 3743 916 3825 indignantibus,
930 3762 1009 3826 quos
1026 3743 1172 3804 Adrastus
1187 3733 1269 3804 miti·

258 3854 324 3922 gat,
333 3840 452 3921 dicens,
460 3841 550 3918 dolo,
560 3863 627 3903 non
636 3839 833 3918 fortitudine,
844 3861 909 3902 rem
920 3842 969 3923 agi
978 3887 987 3918 ,
997 3855 1027 3901 et
1036 3841 1268 3902 multitudinem

257 3939 393 4002 consiliis
403 3942 595 4016 nocituram;
606 3937 773 4022 ²19-2Al·
789 3937 977 3999 Thiodamas
987 3939 1097 4022 igitur,
1110 3938 1269 4027 Agylleus,

259 4051 290 4098 et
309 4039 417 4114 Actor,
436 4059 507 4100 cum
526 4039 616 4100 sociis
631 4036 796 4099 Thebanos
812 4036 952 4119 undique
968 4037 1084 4116 adorti,
1104 4059 1212 4098 omnes
1229 4037 1269 4098 ad

259 4136 504 4199 internecionem
523 4137 662 4214 caedunt3
682 4135 850 4215 245-346.
871 4137 937 4198 Hos
956 4138 1185 4198 intervenerant
1202 4137 1269 4197 llo-

260 4233 347 4316 pleus
360 4249 390 4295 et
404 4236 535 4318 Dymas,
552 4234 602 4295 hic
616 4255 719 4296 comes
733 4231 965 4316 Parthenopaei,
981 4232 1033 4292 ille
1042 4232 1152 4313 Tydei,
1166 4233 1268 4313 quiin
