3256 5160
414 539 479 624 ras
651 540 687 603 r.
715 540 749 603 r.
774 538 928 605 suurn
953 539 1233 608 rnnnmnos

457 665 1291 762 Destituunt,gelidaequefacemviceretenebrae?

457 784 602 874 Jamque
614 779 817 872 supinantur
828 778 936 864 fessis,
949 777 1089 874 lateque
1101 779 1263 849 fatiscunt

457 890 596 960 Penthei
608 888 734 960 devexa
745 886 835 983 jugi,
848 913 957 984 quum
969 907 1107 984 pectore
1118 891 1241 961 anhelo

456 1004 533 1069 Jam
544 1023 651 1095 prope
663 999 839 1084 deficiens,
853 1003 901 1071 sic
912 999 1050 1068 inchoat
1064 1025 1143 1070 orsa
1155 1009 1337 1074 Menoetes:
1412 1017 1462 1084 ²4⁵

458 1111 583 1180 aHaud
596 1110 733 1205 procul,
746 1113 853 1179 exacti
866 1113 894 1180 si
906 1135 984 1204 spes
996 1135 1068 1180 non
1079 1108 1207 1180 blanda
1219 1111 1361 1195 laboris,

452 1222 618 1316 Ogygias,
630 1223 747 1312 Argia,
760 1219 897 1304 domos,
910 1237 945 1289 et
955 1245 1062 1313 egena
1075 1220 1226 1316 sepulcri

455 1336 555 1402 Busta
562 1329 675 1425 jacere
688 1355 781 1400 reor:
795 1356 896 1424 grave
908 1335 1061 1400 cominus
1074 1350 1195 1401 aestuat
1205 1356 1267 1402 aer

453 1441 631 1527 Sordidus,
644 1459 678 1512 et
688 1467 820 1536 magnae
834 1441 978 1512 redeunt
991 1469 1052 1538 per
1066 1446 1165 1512 inane
1178 1443 1344 1514 volucres.

452 1561 533 1624 Haec
545 1553 602 1623 illa
615 1571 668 1623 est
679 1553 826 1625 crudelis
841 1554 984 1640 humus;
999 1581 1063 1625 nec
1075 1559 1198 1624 moenia
1210 1554 1322 1648 longe.
1409 1569 1461 1624 250

451 1669 588 1749 Cernis,
601 1682 641 1733 ut
652 1667 804 1757 ingentes
817 1689 997 1734 murorum
1010 1669 1162 1760 porrigat
1173 1665 1311 1734 umbras

451 1784 617 1872 Campus,
630 1795 664 1846 et
677 1802 696 1846 e
708 1777 855 1870 speculis
868 1780 1017 1848 moriens
1030 1782 1220 1848 intermicet
1230 1781 1338 1872 ignis?

453 1893 579 1958 Moenia
591 1906 671 1958 sunt
682 1887 797 1982 juxta:
811 1888 913 1958 modo
927 1915 996 1959 nox
1007 1894 1114 1983 magis
1128 1894 1202 1984 ipsa
1213 1889 1361 1972 tacebat,

451 1999 596 2096 Solaque
608 2003 780 2094 nigrantes
792 1999 952 2068 laxabant
966 2019 1055 2069 astra
1068 1999 1236 2070 tenebras.
1248 2033 1261 2062 η
1316 2017 1318 2022 ’

453 2115 593 2180 Horruit
604 2113 724 2202 Argia,
738 2110 960 2205 dextramque
972 2110 1016 2179 ad
1027 2115 1151 2181 moenia
1164 2112 1322 2180 tendens:
1408 2125 1460 2180 255

503 2255 516 2286 a
529 2223 619 2292 Urbs
633 2237 747 2316 optata
760 2225 872 2316 prius,
887 2248 980 2292 nunc
993 2240 1078 2292 tecta
1090 2223 1227 2292 hostilia
1238 2223 1382 2306 Thebae,

453 2341 497 2404 Et
508 2352 621 2404 tamen
632 2333 754 2404 illaesas
768 2337 795 2402 si
809 2333 921 2403 reddis
933 2335 1087 2429 conjugis
1101 2335 1256 2418 umbras,

452 2449 506 2516 Sic
519 2469 656 2541 quoque
671 2443 769 2513 dulce
782 2442 912 2528 solum3
926 2451 1053 2530 cernis,
1066 2471 1135 2544 quo
1147 2445 1290 2541 praedita
1302 2445 1414 2528 cultu,

403 2664 497 2717 itinere
511 2675 618 2734 gestate
633 2681 681 2734 per
700 2662 842 2716 obscuram
861 2683 911 2716 no·
954 2695 990 2705 ·-
1005 2667 1107 2720 Exacti.
1122 2667 1200 2718 Finiti
1214 2667 1268 2718 sive
1282 2662 1413 2716 conclusi.
1424 2691 1459 2702 -

404 2757 483 2795 crem.
496 2742 580 2794 Varro
595 2742 627 2793 lt.
638 2743 667 2793 n.
682 2745 708 2808 l,
726 2765 737 2789 ι
752 2745 791 2794 Ac
804 2745 910 2796 victoris
954 2747 1017 2800 Non
1034 2747 1138 2800 blondo.
1152 2747 1214 2797 Non
1228 2743 1305 2796 falsa.
1317 2743 1340 2795 Δ
1352 2741 1458 2795 blandi·

403 2821 496 2874 lascivi
512 2822 598 2873 facem
616 2839 671 2872 non
693 2834 791 2874 metuet
813 2821 910 2874 arden·
955 2830 1048 2880 mentis
1059 2829 1128 2880 eninr
1143 2825 1306 2886 inducimur;
1317 2825 1457 2876 ut'l'eren·

403 2917 466 2956 tent.
482 2927 494 2950 ι
506 2903 616 2958 Ovidius
628 2905 655 2954 in
665 2902 757 2956 fabula
767 2903 907 2976 Daphnes,
955 2909 1007 2958 tius
1019 2929 1025 2958 ι
1041 2909 1116 2959 «Nisi
1128 2925 1168 2958 me
1179 2904 1303 2957 lactasses
1311 2916 1457 2967 amantem,

403 2984 500 3048 Meni,
513 3002 537 3034 v.
553 2981 605 3053 493
618 3003 624 3033 :
638 3005 650 3029 ι
665 2985 701 3034 Ut
712 2981 816 3035 facibus
831 3001 908 3054 sepes
953 2998 980 3038 et
997 2985 1064 3038 falsa
1081 3003 1129 3055 spe
1150 2983 1306 3047 deluderes,
1325 3004 1336 3029 ι
1358 2979 1384 3032 id
1402 2993 1457 3047 est,

404 3061 512 3124 ardent,
522 3081 588 3134 quas
599 3063 761 3114 fonteviatcr
772 3061 821 3113 Vel
830 3061 908 3113 nimis
952 3063 1140 3116 blandimentis
1156 3063 1303 3116 induceres.
1314 3063 1441 3113 anrsnr.

403 3139 580 3206 admovens!
585 3143 641 3210 jam
649 3140 766 3192 subluce
774 3139 905 3211 reliquie·
991 3146 1051 3214 ²47·
1066 3145 1193 3217 Opypias,
1207 3142 1303 3216 Arpio,
1315 3142 1416 3205 domos,
1431 3151 1458 3192 et

440 3220 499 3286 344.
513 3220 625 3272 Penthei
638 3221 733 3272 devexo
741 3222 813 3294 jupi.
835 3221 907 3270 Pen·
953 3243 1034 3297 epona
1053 3224 1173 3297 sepulcri.
1192 3226 1223 3276 ln
1239 3221 1334 3275 iisdem
1352 3219 1454 3272 Behott.

403 3300 458 3352 tltei
467 3299 646 3372 convexojuqi
654 3297 734 3350 codd.
745 3298 908 3352 Lindenbro·
953 3301 1031 3353 codd.
1045 3312 1071 3353 et
1084 3321 1164 3374 epeno
1181 3300 1329 3373 sepulchris.
1343 3329 1378 3338 -
1390 3302 1453 3370 Reg.

402 3383 493 3452 git-
507 3380 620 3432 Penthei
623 3381 694 3454 juqt'·
707 3377 737 3430 ld
746 3392 798 3444 est,
813 3377 908 3431 cirhae·
952 3381 972 3431 B
990 3379 1088 3446 habet,
1111 3381 1225 3453 Opyqios
1240 3378 1338 3452 Arpina
1354 3378 1455 3443 domos,

402 3457 906 3532 ronis‚PentlteijupidictiaPenthe0‚
952 3471 1002 3510 etc.
1022 3461 1085 3530 lleg.
1105 3459 1126 3510 C
1142 3473 1260 3510 nostram
1280 3457 1340 3508 lect.
1357 3458 1402 3509 Eo.
1419 3487 1456 3498 -

402 3541 448 3613 qui
465 3539 529 3592 ibis
545 3539 740 3592 Bacchantibus
755 3539 905 3609 discerptus
950 3539 1041 3610 quno
1063 3537 1183 3610 sepulcri.
1208 3535 1341 3588 Csdavera
1363 3533 1456 3606 sepul·

401 3621 459 3672 fuit.
472 3621 738 3672 -Devexo.Latera.
751 3619 878 3671 Licrsnr.
951 3627 1010 3668 tura
1027 3620 1151 3669 carentia.
1167 3618 1294 3668 Lscrnnr.

438 3697 532 3765 245.1.
541 3717 570 3771 p.
581 3699 608 3749 d.
619 3700 654 3752 sic
664 3698 771 3750 inclroot
783 3717 838 3750 orsa
848 3697 906 3746 Me·
988 3696 1047 3761 248.
1058 3697 1145 3748 Bruto.
1158 3696 1277 3765 Corpora
1285 3692 1456 3747 semiusta.-

401 3789 486 3832 noetes.
500 3777 592 3831 Codex
607 3780 715 3830 Daumii
725 3800 731 3828 ε
743 3777 837 3850 incipit
849 3795 905 3828 orsa
950 3775 1055 3826 AEstuot
1069 3795 1121 3826 aer.
1138 3777 1258 3828 Graviter
1271 3771 1385 3824 exhalat.

401 3855 903 3929 MenoetenBarth.cxoptimismemlsr.
987 3853 1046 3904 252.
1064 3855 1187 3924 Compsa,
1204 3863 1257 3904 ete
1275 3849 1385 3922 speculis
1400 3869 1457 3904 tne-

401 3936 477 4007 legit:
491 3937 649 3989 inchoatore
659 3939 720 3988 Men
725 3938 905 3988 ostes-Hanc
951 3931 1018 3983 riens
1028 3933 1173 3984 intermicet
1179 3930 1253 4004 ipnis.
1264 3931 1328 4001 Reg.
1338 3929 1455 3996 Bhabet,

400 4014 461 4068 lect.
471 4017 535 4086 Reg.
543 4015 665 4080 libabat,
676 4017 739 4085 fleg.
747 4015 768 4066 C
776 4028 903 4066 nostram.
951 4013 979 4063 C.
991 4030 1013 4062 e.
1025 4029 1046 4061 e.
1061 4031 1081 4065 s.
1091 4031 1128 4072 m,·
1144 4013 1292 4064 intermicat
1302 4011 1378 4085 ipns's.
1389 4013 1453 4081 ling.

437 4093 497 4160 246.
512 4093 548 4144 H.
560 4109 587 4162 p.
601 4109 655 4144 es.
670 4110 689 4144 s.
703 4111 729 4142 n.
746 4089 842 4142 blondo
862 4089 904 4142 lo·
950 4088 1174 4144 Cnostramleet.
1187 4091 1234 4144 En.

400 4173 473 4226 bons.
484 4170 586 4224 Bchott.
602 4187 625 4236 r,
639 4187 668 4234 2,
685 4169 782 4221 blande
793 4167 903 4230 delerin-
986 4169 1047 4224 sss.
1061 4171 1117 4240 Quo
1129 4171 1239 4241 praedito
1254 4167 1335 4222 cultu.
1351 4169 1455 4222 lrcnioe

355 4241 357 4246 ¹
401 4249 484 4324 sedin
496 4264 612 4320 utroque
624 4262 789 4315 correctum,
800 4245 902 4300 loboris.
949 4248 1030 4304 dicta.
1043 4251 1175 4303 Gerasus.
