3264 5166
594 573 734 643 uteru
760 573 821 640 rx.
870 541 872 546 ’
1164 599 1228 670 227

229 717 316 780 Ante
327 723 408 776 tuos*
417 705 572 774 confessu
581 703 705 798 pedes:
721 727 783 772 nec
794 702 941 794 degener
952 699 1007 770 itte

229 823 423 914 Sanguinis,
437 822 540 913 inque
552 839 646 886 meos
659 819 804 910 reptavit
815 818 1096 908 protiuuoarcus,
1181 833 1234 885 620

230 929 313 998 Tele
324 951 410 1022 puer
421 925 568 996 incrimis
581 942 615 994 et
626 929 736 1019 prima
746 949 828 992 voce
841 929 1005 1019 poposcit.

230 1036 421 1107 Huncmihi
429 1035 523 1132 (quid
531 1035 672 1130 trepidae
680 1050 806 1116 nocteS,
814 1040 1233 1130 somnusquemiueuturi)

230 1155 345 1231 Hunc,
357 1171 492 1242 precor,
505 1147 628 1216 audaci
639 1149 697 1241 qui
709 1170 802 1214 nunc
813 1145 856 1214 ad
868 1143 984 1239 praeliu
995 1156 1074 1215 voto

231 1266 307 1330 Heu
319 1261 462 1328 nimium
473 1257 536 1326 tibi
548 1256 630 1327 fisus
642 1257 729 1339 abit,
742 1257 785 1324 da
796 1261 905 1324 visere
916 1255 997 1324 beili

231 1375 420 1453 Victorem,
434 1368 505 1452 vel,
520 1373 548 1437 si
560 1368 672 1460 ampla
684 1383 780 1462 peto,
793 1365 835 1434 du
847 1369 955 1435 visere
967 1383 1112 1436 tuntum.
1184 1383 1237 1439 625

233 1487 296 1552 Hic
308 1482 422 1566 sudet,
435 1499 563 1577 tuaque
575 1505 670 1550 arma
680 1480 765 1548 ferat
777 1502 784 1546 ε
798 1503 933 1572 preme,
944 1483 1046 1563 Diva,
1059 1482 1228 1554 mulorum

234 1596 352 1686 Signa:
367 1591 448 1688 quid
461 1595 498 1659 in
510 1594 651 1674 nostris,
664 1588 846 1658 nemoralis
859 1589 971 1672 Delie,
983 1589 1075 1658 silvis

234 1701 406 1773 Maeuodes
417 1701 572 1782 hostiles,
583 1700 813 1793 Thebanaque
826 1702 967 1767 numina
979 1707 1143 1792 regnant?

195 1811 198 1820 '
235 1813 298 1880 uei
309 1811 408 1879 mibi!
423 1811 812 1904 curpenitus,(simque
823 1833 933 1902 augur
944 1830 1038 1878 cassa
1050 1811 1196 1902 futuri,)
1231 1841 1242 1852 ⁴

234 1923 1244 2017 Curpenitus,mugnoqueinterprctorominequercum?too

225 2035 336 2125 ¹Quod
347 2037 376 2102 si
387 2058 467 2102 vera
480 2057 584 2128 sopor
594 2036 726 2101 miserae
737 2034 902 2126 praesagiu
913 2034 1031 2114 mittit,

225 2228 287 2300 619.
307 2229 439 2302 Confessa-
454 2231 615 2283 innocentie
629 2247 693 2301 pro·
738 2227 848 2282 restitue
870 2239 960 2300 queso
980 2227 1046 2280 Diva
1069 2230 1110 2280 vel
1133 2231 1241 2284 victitm.

190 2311 275 2362 ximus
288 2322 345 2375 est,
360 2311 406 2382 qui
420 2309 527 2381 culpem
541 2310 648 2362 fatetur.
774 2307 838 2360 626.
856 2307 893 2359 Η.
906 2328 925 2361 s.
939 2318 996 2360 ta.
1005 2308 1032 2380 f.
1044 2327 1146 2380 preme,
1158 2311 1244 2380 Diva,

201 2397 203 2400 '
225 2387 286 2440 620.
305 2389 428 2460 Reptavit
442 2389 569 2461 protinus.
585 2388 695 2458 Signum
738 2387 879 2440 malorum.
890 2389 952 2440 Ere.
967 2388 1078 2442 Cautub.
1090 2390 1146 2442 dira
1158 2393 1245 2446 malo-

189 2469 294 2520 eirtutis
308 2467 426 2532 Martie,
441 2468 532 2519 statim·
545 2478 638 2519 netum
651 2469 694 2519 in·
739 2485 798 2519 rum
809 2467 901 2542 Siqua.
916 2497 952 2506 -
963 2467 1027 2538 lieg.
1042 2467 1062 2518 B
1078 2467 1159 2521 hebet
1174 2469 1244 2524 hunc

191 2548 291 2600 fontem
301 2565 437 2599 armenon
448 2547 696 2619 expavescerelmi·
739 2545 800 2598 leet.
813 2545 877 2616 neg.
891 2549 912 2600 C
924 2561 1051 2598 nostram.
1066 2547 1113 2600 En.
1125 2577 1158 2590 -
1174 2549 1244 2602 Tua-

191 2637 262 2678 tutue
275 2639 314 2679 est
326 2622 489 2678 Cl'audienus
500 2625 534 2678 de
547 2641 596 2677 cuo
607 2625 696 2676 Hono·
740 2643 790 2698 que
801 2643 885 2676 arma.
901 2626 1073 2694 venationis,
1088 2627 1116 2678 id
1131 2642 1187 2696 eet,
1202 2649 1245 2682 sa-

192 2705 231 2756 rio
242 2706 275 2756 111
285 2702 431 2756 Consulatu
440 2705 504 2769 vss,
517 2721 566 2754 ua:
580 2704 696 2776 uchte·
740 2699 827 2775 gitteo.
850 2734 884 2746 -
906 2706 1007 2758 Preme.
1028 2703 1176 2777 Compesce
1197 2729 1246 2762 ne-

193 2787 227 2836 sti
237 2801 285 2856 per
294 2795 368 2835 scuto
378 2801 454 2854 puer,
467 2802 614 2856 regumque
624 2785 696 2835 fero·
741 2782 823 2835 sanda
836 2786 1001 2836 somniorum
1014 2786 1111 2836 omina.
1130 2787 1208 2840 lucr.

193 2863 351 2917 cetExuvire
358 2863 407 2916 tibi
416 2862 495 2916 ludus
504 2877 590 2917 erunt.
601 2888 612 2910 n
625 2858 697 2915 Sido·
776 2861 838 2933 627.
859 2863 930 2932 Quid
943 2863 971 2912 in
985 2864 1090 2929 uostris,
1105 2877 1154 2915 etc.
1175 2866 1247 2918 Vide

193 2947 252 2996 nius
261 2945 356 3015 Paneg.
371 2942 522 2996 Anthemii:
542 2942 696 3015 «Reptebut
741 2961 822 3014 supra
833 2957 871 2992 vt.
885 2940 945 3010 598.
958 2971 995 2982 -
1008 2941 1085 3012 Quid.
1099 2943 1197 3010 Quare.
1208 2975 1245 2986 -·

194 3033 274 3095 super
285 3043 356 3076 erma
367 3025 482 3096 putrie-
740 3019 897 3073 Nemorulis.
920 3017 1022 3071 Alludit
1043 3018 1076 3071 od
1098 3021 1245 3076 Nemoren-

228 3100 289 3156 621.
301 3101 365 3155 Tela
374 3119 442 3176 puer
451 3099 566 3154 lacrimis
576 3111 603 3152 et
609 3103 696 3172 prima
741 3120 796 3154 tem
804 3100 915 3152 Dianam
923 3118 981 3170 quee
990 3098 1062 3172 opud
1072 3103 1187 3156 Ariciam
1194 3108 1245 3158 Ite-

192 3199 254 3234 uoce
259 3181 385 3255 poposcit.
396 3179 513 3254 Telaque
519 3198 569 3252 per
577 3179 698 3232 lacrimas
740 3182 781 3235 lite
793 3181 888 3234 urbem
900 3179 1048 3235 colebatur.

193 3263 308 3314 correxit
322 3257 494 3312 Marklandus
514 3259 547 3311 ed
566 3259 628 3310 site.
646 3259 697 3325 111,
775 3259 837 3315 628.
849 3261 980 3314 Manates
990 3260 1107 3329 hostiles,
1118 3277 1168 3316 etc.
1179 3266 1244 3336 neg.

196 3357 220 3405 r,
233 3339 291 3394 160.
301 3369 338 3381 -·
347 3341 377 3392 iu
387 3342 453 3412 neg.
465 3340 486 3391 B
496 3357 587 3392 versus
596 3337 640 3390 hio
652 3337 697 3392 de·
741 3344 762 3395 C
773 3340 872 3408 habet,
885 3340 1008 3394 Maenalis
1018 3341 1121 3394 hostiles
1126 3366 1136 3406 ,-
1147 3345 1211 3417 leeg.
1224 3345 1246 3398 C

194 3417 333 3472 uideretur.
348 3417 395 3470 Eu.
741 3433 859 3473 nostram
880 3417 941 3472 ieet.
963 3421 1036 3473 Eutr.
1053 3451 1089 3461 -
1104 3423 1244 3476 Moeuadet.

229 3499 291 3552 622.
311 3499 391 3550 Hunc
409 3495 477 3549 mibi
490 3495 573 3569 (quid
592 3496 697 3568 trepide
742 3499 865 3566 Buctbae,
878 3500 1006 3572 quoniam
1016 3501 1043 3551 in
1056 3503 1156 3553 somnis
1169 3521 1247 3574 quer·

194 3589 440 3649 uoctetwmruuque
448 3572 698 3645 minantur)?Nuuc
742 3600 804 3632 cum
812 3579 928 3644 videret,
939 3577 1055 3633 aLibero
1066 3594 1143 3652 putre
1151 3598 1177 3635 et
1186 3585 1249 3638 Beo-

194 3671 263 3710 uuuo
282 3656 375 3710 Bebot.
390 3657 546 3714 minuturin
562 3653 657 3708 eodem
672 3667 699 3706 et
744 3655 799 3710 ehu
809 3657 878 3708 forte
888 3659 1060 3728 prespiseam.
1073 3655 1246 3714 Lacutur.-

195 3735 356 3810 qffibuidam
368 3733 566 3806 Lindenbwgst·
744 3737 920 3809 Thebanaque
942 3739 1064 3790 numina.
1084 3741 1185 3812 Turpia
1205 3744 1248 3794 in.
1359 3730 1363 3740 '

230 3815 292 3871 625.
315 3815 465 3884 Victorem,
486 3812 529 3866 ue!
537 3853 547 3881 ,
568 3814 589 3866 si
606 3811 698 3885 ampla
743 3816 847 3888 telliget
866 3829 896 3867 ut
914 3814 1034 3874 bocchus
1052 3836 1189 3890 uunquam
1203 3839 1249 3873 to-

193 3907 270 3970 ptto,
284 3897 319 3949 da'
333 3897 412 3948 uisere
425 3907 536 3948 tautum.
551 3893 614 3946 Post
626 3891 700 3946 bunc
743 3896 834 3961 brius,
853 3908 880 3947 et
896 3909 1016 3951 monstra
1033 3897 1085 3948 elia
1103 3897 1249 3954 Thebano-

196 3992 303 4029 vertum
319 3976 347 4026 iu
363 3975 513 4048 antiquiore
527 3971 619 4025 Bebot.
633 3972 699 4044 legi·
743 3995 803 4028 rum
815 3977 934 4038 facinora
945 3975 1137 4048 intelliguntur.

197 4068 255 4110 tut:
273 4055 304 4109 Si
321 4063 376 4108 nott
391 4055 511 4108 uictorem
517 4093 526 4122 ,
545 4055 579 4106 da
594 4063 698 4106 tautum
779 4054 841 4107 630.
862 4052 914 4109 Cur
921 4055 1033 4129 penitae.
1046 4060 1136 4127 Quare
1147 4078 1189 4112 me
1204 4080 1249 4113 ve·

197 4143 301 4187 eernere
312 4135 425 4186 uictum:
436 4146 492 4184 tum
503 4133 635 4203 sequitur:
649 4131 700 4184 Hic
744 4133 883 4187 hemeuter
900 4133 954 4187 buc
967 4134 1049 4188 trabit
1067 4138 1201 4210 auspicio,
1219 4152 1251 4192 ut

198 4211 701 4289 nudet,etc.-Amp1a.Majoru.—Da
745 4227 837 4286 putem
852 4213 993 4266 orbitatem
1011 4213 1075 4266 mibi
1091 4217 1249 4285 significari,

200 4287 574 4348 aunumsivtctoremnon
582 4311 701 4365 possum,
747 4293 850 4345 arborio
864 4311 937 4346 cusu.
956 4295 1082 4346 Lucruur.

1057 4382 1106 4448 15.
