3230 5168
398 548 460 615 150
631 551 666 612 P.
693 550 728 611 P.
755 548 910 615 STATII
934 549 1211 617 THEBAIDOS

437 674 528 744 Cedo
541 675 718 771 equidem,
731 679 932 771 veniamque
945 700 1075 770 precor.
1090 709 1103 741 υ
1119 681 1172 750 Sic
1182 703 1280 750 orsus
1292 681 1413 752 abibat.

437 785 575 858 Pallada
585 787 714 856 mulcet
724 787 834 858 honos
845 815 852 855 :
865 788 965 858 rediit
978 788 1099 858 ardore
1109 794 1251 862 remisso

438 898 576 983 Vultus,
589 917 623 969 et
636 902 738 968 erecti
750 899 911 970 sederunt
921 904 1068 994 pectoris
1080 927 1220 996 angues.

467 1012 591 1088 ,Sentit
601 1010 711 1080 abisse
723 1016 851 1080 Deum:
866 1011 973 1082 levius
986 1013 1165 1084 Cadmeius
1179 1019 1322 1084 Hoemon
1393 1029 1445 1082 520

439 1120 523 1190 Tela
534 1121 817 1218 rotat,nulloque
829 1127 1292 1216 manumcognosoitinictu.

438 1236 537 1302 Turro
548 1235 656 1326 magis
668 1249 771 1329 atque
785 1234 892 1326 magis
904 1237 993 1304 vires
1005 1237 1207 1330 animusque
1217 1235 1397 1320 recedunt,

438 1347 507 1411 Neo
518 1343 630 1436 pudor
640 1345 690 1412 ire
701 1361 792 1413 retro
804 1372 812 1412 :
826 1345 1005 1414 cedentem
1017 1344 1195 1414 Acheloius
1208 1345 1308 1415 heros

439 1457 641 1549 impetit,et
651 1452 780 1523 librans
792 1458 853 1524 uni
865 1456 929 1524 sibi
941 1455 1069 1525 missile
1081 1456 1207 1542 telum,
1357 1539 1362 1548 ,

436 1565 566 1636 Direxit
573 1561 705 1658 jactus,
719 1587 862 1634 summae
875 1590 942 1661 qua
954 1568 1105 1658 margine
1116 1589 1243 1660 parmae
1393 1579 1444 1634 525

438 1680 511 1743 lma
523 1674 618 1744 sedet
629 1675 742 1769 gaiso,
755 1693 789 1744 et
796 1675 907 1770 juguli
919 1675 1032 1744 vitalia
1043 1675 1168 1746 lucent.

440 1790 509 1853 Nec
520 1785 681 1853 frustrata
693 1810 833 1870 manus,
846 1803 1060 1882 mortemque
1072 1790 1250 1857 invenerat
1260 1786 1374 1872 hasta;

438 1895 503 1966 Sed
514 1895 690 1989 prohibet,
702 1897 925 1994 paullumque
937 1899 1071 1968 humeri
1082 1897 1187 1970 libare
1199 1902 1325 1970 sinistri

440 2006 602 2093 Praebuit,
615 2024 650 2077 et
661 2013 782 2078 merito
793 2013 902 2104 parcit
913 2013 1066 2079 Tritonia
1078 2010 1183 2079 fratri.

390 2213 450 2248 mus
458 2195 577 2248 est.Euri
598 2193 654 2248 ides
662 2195 845 2264 Alcestin-,t
852 2195 897 2263 μὲν
918 2183 922 2192 “
941 2197 987 2272 plo
999 2197 1116 2250 Maronis
1126 2195 1159 2250 de
1170 2198 1275 2260 Turno,
1286 2197 1445 2250 abeuntibus

390 2275 432 2327 οὐκ
441 2271 516 2342 5χοιμ“
527 2273 554 2327 dr
568 2295 593 2326 to
605 2271 680 2342 m‘ytrr
691 2272 780 2342 σῦχυι.
793 2276 897 2331 Tertul-
941 2279 1043 2350 pariter
1060 2278 1132 2330 Divis
1140 2319 1149 2346 ,
1170 2275 1272 2329 AEneid.
1287 2277 1353 2344 ΧΗ,
1375 2278 1445 2347 903:

389 2355 462 2409 liano
475 2353 611 2407 familiaris
622 2354 751 2426 loquendi
763 2355 869 2408 modus.
945 2355 1018 2410 «sed
1030 2376 1117 2430 neque
1127 2369 1275 2409 currentem
1285 2376 1326 2422 se,
1340 2374 1389 2410 nec
1402 2375 1447 2408 oo·

428 2435 489 2489 5182
513 2434 615 2488 Mulcet
635 2435 724 2488 honos.
745 2437 896 2505 Pugnacem
942 2438 1048 2508 gnoscit
1059 2451 1181 2503 euntem,
1193 2435 1375 2489 Tollentemve
1388 2455 1447 2488 ma-

393 2517 449 2586 ejus
459 2515 577 2567 animum
586 2526 613 2564 et
622 2513 729 2566 Herculi
738 2515 898 2586 repugnanti
942 2517 1443 2588 nu,saxumquemarmoreorum.-

393 2599 501 2650 minime
512 2611 650 2647 cessurum
664 2591 761 2645 mulcet
776 2595 833 2664 ejus
848 2593 898 2647 ho·
942 2597 1026 2650 Sentit
1041 2599 1094 2649 vim
1106 2614 1181 2649 suam
1199 2594 1250 2648 sibi
1262 2614 1319 2647 non
1333 2595 1447 2667 amplius

393 2675 504 2730 norifica
516 2674 611 2725 oratio.
624 2672 683 2724 Vet.
696 2669 784 2724 Schol·
943 2675 1049 2743 adesse,
1068 2677 1187 2748 agnoscit
1207 2693 1234 2728 se
1252 2675 1353 2728 viribus
1371 2674 1448 2728 dete·

428 2758 490 2826 519.
511 2752 615 2808 Vultur.
637 2753 701 2822 Ejus
719 2755 835 2822 genuino
853 2772 898 2805 ve-
942 2755 1306 2810 riorem.-Cadmet'us.Vid.
1315 2773 1373 2826 sup.
1383 2755 1446 2827 557.

391 2848 500 2899 trustes,
515 2850 572 2905 quse
587 2842 648 2882 ante
665 2829 699 2882 ab
714 2831 753 2882 ira
770 2844 896 2903 corrupte
979 2834 1041 2888 523.
1051 2833 1242 2907 Neepndorr're
1251 2845 1325 2886 retro.
1334 2835 1390 2887 Neo
1397 2854 1450 2907 pn·

392 2927 462 2982 erat,
476 2931 525 2966 seu
540 2908 632 2976 decor,
651 2926 730 2981 quem
748 2909 792 2960 ire
805 2909 897 2981 paullo
942 2914 986 2966 det
997 2915 1033 2966 ire
1045 2913 1147 2968 Behott.
1164 2931 1188 2976 r,
1202 2931 1231 2980 a,
1246 2927 1271 2966 et
1282 2915 1399 2985 Lipsian.
1410 2945 1449 2954 -

391 2988 896 3062 antemutaverat.-Pecton'sanqnes.
942 2989 1449 3066 Acheloinsheros.'1’ydeus,siecogno-

391 3071 491 3144 AEgidis
502 3068 639 3122 Medusaeae
650 3068 761 3122 scilicet.
769 3069 799 3118 lu
809 3066 897 3122 media
941 3073 1056 3124 minatus
1069 3073 1104 3125 ab
1116 3071 1234 3125 Acheloo
1245 3073 1325 3125 fluvio
1335 3072 1446 3127 AEtotiae.

392 3150 506 3222 AEgide,
530 3162 560 3200 nt
580 3167 660 3220 supra
684 3147 818 3214 diximus,
841 3162 898 3201 erat
979 3148 1449 3224 Saddarpetr't.Regg.BetC,1m-

391 3229 540 3299 Gorgonis,
552 3244 599 3278 eeu
609 3225 828 3299 Medusaeoaput,
840 3247 897 3300 quse
939 3227 1132 3300 pedithobent.
1145 3231 1191 3282 En.
1204 3258 1241 3269 -
1258 3227 1313 3282 Unt'
1324 3229 1372 3282 st'bt'
1383 3232 1449 3282 mit·

392 3307 550 3382 capillorum
564 3306 626 3357 loco
641 3305 878 3373 angueshebebat.
941 3305 997 3359 sile.
1019 3306 1101 3374 Quod
1123 3310 1181 3382 ipse
1201 3308 1273 3362 solus
1295 3311 1379 3383 possit
1400 3328 1449 3363 ex-

429 3387 488 3442 520.
508 3385 593 3438 Sensit
604 3384 796 3438 obisseDeums
815 3385 898 3442 lenius
942 3399 1042 3439 catere.

394 3467 530 3522 Cadmeius
554 3463 676 3516 Hermon.
700 3464 785 3516 Sensit
809 3466 897 3519 abiisse
977 3464 1038 3518 525.
1057 3465 1298 3540 Margineparmoe.
1313 3469 1447 3522 Extremi-

392 3565 484 3620 margo
497 3544 539 3598 ed.
552 3543 641 3596 Barth.
656 3561 687 3595 ex
699 3544 792 3597 codice
803 3565 896 3600 manu·
941 3556 994 3597 tata
1007 3546 1084 3598 scuti.
1103 3547 1231 3598 Lucranr.

392 3631 502 3700 scripto.
522 3625 705 3677 :Continuius
720 3623 776 3678 hoec
793 3646 897 3700 propo·
977 3625 1037 3680 526.
1056 3625 1152 3702 Juquti
1163 3626 1254 3679 vitalio
1267 3626 1361 3680 lucent.
1374 3630 1447 3698 Quia

392 3719 493 3760 nuntur
516 3705 544 3756 in
570 3721 624 3755 uno
651 3705 770 3754 omnium
793 3707 896 3777 optimo
941 3725 1022 3758 omne
1034 3706 1131 3760 vulnus
1144 3708 1172 3760 in
1188 3708 1284 3779 jugulo
1301 3707 1382 3761 letale
1396 3723 1446 3762 est.

393 3785 550 3857 exemplari:
562 3785 747 3838 Sentitabt'r'ste
757 3785 842 3838 Deum
857 3786 896 3839 le-
935 3786 989 3839 vel
1009 3789 1069 3860 quia
1083 3789 1110 3853 in
1128 3786 1178 3840 hac
1191 3801 1269 3860 parte
1282 3788 1389 3861 patebat
1400 3793 1448 3861 ju-

392 3869 461 3934 nius,
479 3863 616 3918 admetus
630 3863 745 3930 AEmon,
768 3864 833 3918 Tela
853 3885 896 3918 ro-
940 3861 1032 3936 gulum
1045 3864 1156 3918 vulneri.

383 3957 465 4012 tam,
480 3957 553 3996 ete.»
570 3943 664 3994 Bran.
679 3971 714 3982 -
724 3943 808 3996 Sentit
818 3945 897 3997 abisse
977 3943 1037 4014 527.
1056 3947 1195 3999 Fmstrata.
1208 3949 1324 4000 Pasaive.¹

392 4025 487 4078 Deum.
498 4023 560 4074 Htec
570 4017 603 4072 ad
616 4021 768 4074 Hseutonem
780 4023 896 4076 referen-
976 4022 1036 4078 528.
1047 4025 1159 4078 Homeri
1169 4025 1257 4078 litare.
1267 4028 1446 4100 Perstringere

392 4103 435 4156 da.
445 4099 577 4153 -Levtus
585 4097 720 4152 Cadmeius
726 4101 837 4154 Hormou
847 4103 895 4154 Te·
941 4116 987 4156 ent
1000 4103 1093 4158 leviter
1107 4119 1224 4176 tangere.
1243 4107 1372 4160 Ltortrr.

392 4183 419 4236 la
433 4191 509 4236 rotat.
526 4181 674 4233 Destitntus
691 4181 761 4231 enirn
777 4193 833 4234 erat
848 4201 894 4253 ps·
975 4183 1036 4253 529.
1047 4186 1150 4238 Merito.
1160 4187 1230 4254 Quia
1239 4185 1366 4239 Hercules
1373 4207 1444 4239 surn-

393 4257 894 4332 trocinioauxilioquefleroulisAExem-
939 4281 983 4314 mo
992 4263 1063 4315 cultu
1074 4265 1219 4317 Minervam
1227 4284 1443 4336 sempersenmm
