3284 5162
400 513 465 593 334
637 511 670 572 Ρ.
697 507 913 572 P.·STAT11
939 509 1213 576 THEBAIDOS

442 643 512 707 Ceu
524 659 683 730 suprema
696 633 769 708 lues
782 632 902 704 urbem
916 688 926 718 ‚
938 634 1136 730 facibusque
1148 639 1296 707 cruemis

446 753 626 842 AEqnatura
639 744 710 814 solo
723 761 833 814 turres
845 743 981 814 Bellona
992 745 1137 828 subiret,
1394 759 1445 814 855

445 858 610 929 Omnibus
623 881 642 924 e
655 857 751 922 tectis
764 856 917 924 certatim
930 858 1075 949 ingentia
1089 879 1186 938 saxa,

445 966 662 1061 Roboraque,
674 982 707 1034 et
719 963 873 1056 gravidas
886 965 1001 1034 fundae
1013 965 1159 1037 Balearis
1170 965 1334 1050 habenas,

447 1081 551 1165 (Nam
560 1075 699 1170 jaculis,
712 1074 863 1170 caeloque
874 1079 968 1168 vagis
981 1100 1058 1173 spes
1071 1075 1162 1147 unde
1174 1079 1341 1170 sagittisi’)

447 1194 572 1256 Verum
585 1186 674 1255 avidi
687 1206 720 1256 et
731 1204 900 1264 tormenta
912 1206 1039 1270 rotant,
1051 1207 1084 1260 et
1097 1189 1243 1260 molibus
1256 1207 1387 1282 urgent.

362 1335 364 1340 ·
449 1296 507 1366 ille
520 1323 582 1366 nec
595 1299 750 1390 ingestis,
763 1321 826 1366 nec
837 1315 931 1392 terga
943 1300 1160 1393 sequentibus
1174 1324 1324 1394 unquam
1395 1311 1447 1366 860

401 1505 427 1554 in
446 1503 502 1553 acie
516 1521 584 1574 sape
603 1514 745 1567 steterant,
764 1516 803 1554 tot
821 1500 902 1554 millia
946 1503 979 1554 da
995 1503 1076 1556 semel
1089 1516 1191 1556 tantum
1204 1505 1272 1556 circa
1284 1517 1365 1576 caput
1376 1517 1447 1556 rota·

400 1580 555 1644 bominum,
570 1593 597 1632 et
611 1579 717 1650 quidem
731 1581 801 1632 intra
815 1581 902 1632 mnni-
946 1579 1035 1648 batur,'
1043 1595 1151 1634 auctore
1159 1583 1267 1652 Vegetio
1275 1579 1321 1658 iib.
1329 1583 1377 1645 ΙΙΙ,
1387 1599 1447 1653 cap.

402 1659 903 1730 menta,tantopereconsternarissan
948 1660 990 1712 23.
1008 1664 1146 1719 Diversum
1165 1673 1252 1714 tumen
1273 1659 1345 1732 apud
1360 1662 1447 1731 Virgi-

403 1740 438 1792 tlo
451 1755 489 1792 est
502 1739 592 1794 ultima
603 1741 741 1798 imminens
751 1743 901 1792 necessitas.
947 1739 1010 1794 liure
1022 1739 1125 1796 AEneid.
1138 1742 1225 1808 1x‚v.
1240 1740 1305 1805 586,
1315 1754 1448 1792 servatum

401 1815 491 1890 virgil.
510 1821 612 1872 AEneid.
630 1823 656 1886 Ι,
672 1840 695 1871 r.
714 1819 782 1887 67²:
803 1817 904 1871 siland
948 1819 1064 1872 videbis:
1083 1819 1262 1873 «stridentem
1276 1819 1387 1873 fundam
1398 1838 1449 1891 po-

403 1896 904 1950 taotocessabitcardinererumnCon·
948 1900 1002 1950 sitis
1016 1900 1158 1951 Mezentius
1174 1900 1252 1950 armis
1269 1901 1327 1970 ipse
1342 1911 1383 1950 ter
1399 1897 1448 1951 atl-

402 1976 511 2030 serenda
524 1991 579 2031 not.
595 1976 716 2030 abiarki.
733 1974 767 2028 ad
784 1975 845 2028 silv.
866 1976 903 2040 11,
948 1976 1028 2028 ducta
1045 1979 1145 2030 circum
1164 1991 1246 2050 caput
1262 1979 1314 2048 egit
1328 1977 1447 2032 habena:

403 2057 433 2124 6,
445 2073 492 2125 703
502 2056 831 2127 tom.1‚hujuseperis,p.
843 2055 901 2122 264.
948 2058 980 2108 Et
999 2055 1085 2109 media
1100 2055 1203 2110 adversi
1221 2056 1365 2128 liquefacto
1384 2061 1450 2110 tem-

439 2137 499 2204 854.
521 2139 572 2192 ceu
586 2155 706 2210 suprema
726 2135 781 2190 lues
798 2139 904 2199 urbem,
949 2155 1016 2208 pora
1039 2136 1148 2208 plumbo
1171 2136 1291 2202 Diffidit,
1313 2155 1344 2190 ac
1368 2135 1449 2190 muln

398 2215 554 2286 facibusque
566 2215 685 2269 montis.
699 2216 756 2266 Put.
770 2213 823 2270 iuer
839 2215 902 2274 urbi.
949 2231 1101 2286 porrectum
1114 2215 1230 2270 extendit
1239 2217 1327 2268 arena.
1337 2238 1349 2262 ι
1361 2213 1451 2269 balea·

403 2323 438 2337 -
452 2296 525 2346 Hanc
539 2293 681 2346 lectionem
694 2291 775 2346 babet
787 2296 851 2364 Refl-
869 2297 904 2359 B,
949 2313 990 2348 res
1002 2308 1090 2348 autem
1099 2293 1191 2348 insulae
1200 2294 1260 2348 dure
1272 2308 1333 2347 sunt
1345 2296 1372 2346 in
1382 2295 1450 2349 mari

316 2397 318 2402 ·
390 2375 466 2444 <lieu
480 2373 638 2428 Cnostrom.
658 2372 705 2424 En.
949 2373 1153 2439 Mediterranea,
1160 2376 1353 2427 Tarraconensi
1361 2375 1451 2445 Hispa-

440 2451 500 2520 857.
511 2451 676 2522 Roboraque,
685 2447 904 2522 etymoidcsfun-
949 2456 998 2508 niae
1010 2455 1137 2522 obversae,
1151 2473 1263 2530 quarum
1273 2456 1359 2526 major
1370 2452 1450 2506 bodie

404 2531 456 2596 dtr,
476 2545 526 2582 etc.
542 2533 571 2581 ln
590 2529 683 2581 eodem
699 2533 756 2581 Put.
774 2528 861 2580 libro:
880 2542 906 2582 et
950 2535 1081 2608 Majorco,
1095 2535 1180 2588 nunor
1192 2534 1311 2588 Minoroa
1322 2531 1427 2586 dieitur.

405 2607 504 2673 validos
510 2610 612 2682 fundae.
624 2640 661 2652 --
673 2609 771 2662 Fraude
781 2607 904 2668 Balearis.
986 2615 1047 2666 858.
1066 2615 1136 2666 Nom
1148 2611 1260 2684 jaculis,
1277 2610 1390 2682 ratioque
1406 2630 1452 2666 vtt-

404 2692 521 2745 inventio
536 2689 625 2742 fundae
636 2687 804 2742 Phoenicibus
814 2688 906 2742 tribui·
948 2691 988 2764 95⁵
1005 2709 1060 2761 sper
1078 2691 1147 2744 unde
1161 2691 1274 2765 soqittir?
1290 2692 1341 2742 -1o
1355 2707 1452 2746 manu-

404 2783 447 2822 tur
459 2788 474 2822 a
485 2768 570 2822 Plinio
583 2767 716 2824 Naturalis
728 2767 847 2820 Historiae
860 2765 904 2820 tib.
951 2771 1111 2841 scriptorum
1126 2773 1226 2841 optimo
1241 2771 1279 2821 sic
1294 2771 1345 2822 ista
1359 2769 1452 2820 couci·

404 2851 459 2912 vn,
466 2867 523 2918 cap.
534 2847 626 2916 57‚1o.
633 2847 730 2898 Contra
738 2847 907 2918 Vegetiuese·
951 2850 1074 2920 pinnturr
1093 2847 1207 2919 ratoque
1225 2849 1295 2919 ooqis
1313 2864 1368 2917 spes
1384 2847 1453 2898 unde

405 2942 482 2980 cutus
496 2926 621 2993 ploratu,
637 2926 773 2997 aliosque,
790 2925 907 2977 Baleari-
951 2926 1085 2999 roqittisir
1099 2926 1196 2977 Birra.
1208 2927 1270 2998 Sper
1281 2924 1356 2978 nulia
1367 2924 1451 2994 [ητις.

404 3006 454 3059 bus
467 3019 560 3079 prater
572 3025 662 3072 usum,
674 3008 752 3058 etiarn
765 3003 853 3058 funde
865 3006 907 3056 in·
951 3007 1028 3058 Lacr.
1042 3003 1113 3056 Busl.
1125 3005 1193 3058 Dan.
1208 3017 1234 3056 et
1247 3001 1306 3057 edd.
1321 3016 1382 3054 vett„
1398 3020 1454 3074 φεε

405 3089 555 3140 vectionem
573 3084 672 3138 tribuit.
695 3085 771 3138 Certe
785 3083 906 3136 Baleares
951 3103 1004 3136 uno
1018 3083 1120 3136 bobott.
1136 3101 1158 3148 r,
1172 3101 1195 3134 2.
1211 3083 1319 3155 —Spes
1331 3081 1402 3134 unde
1413 3100 1452 3134 sa-

405 3165 556 3235 peritissimi
569 3163 717 3216 funditores
730 3176 821 3228 erent,
836 3161 907 3214 unde
948 3166 1028 3239 yirtir.
1037 3167 1166 3218 Nimirum
1175 3163 1306 3216 interdum
1317 3181 1370 3235 quo
1380 3181 1453 3216 aare

406 3247 484 3298 etiam
496 3255 591 3300 coacte
601 3262 698 3296 nornen
710 3244 842 3296 invenisse
855 3262 907 3296 cre·
952 3263 1024 3310 mus,
1046 3247 1153 3315 cujusve
1171 3243 1294 3314 potiundi
1316 3241 1357 3294 vel
1378 3241 1452 3296 nulla

406 3322 514 3390 duntur,
532 3341 628 3396 nempe
646 3319 695 3374 riori
710 3319 752 3372 rori
766 3317 876 3382 Elison,
891 3341 906 3372 a
952 3337 1007 3389 est,
1021 3321 1063 3374 vel
1074 3323 1188 3376 difficilis
1200 3325 1292 3394 copie,
1308 3322 1340 3375 de
1351 3321 1397 3374 ilio
1409 3320 1451 3374 di-

400 3401 532 3470 serieodo.
548 3399 642 3452 Florus
658 3398 781 3470 equidem
796 3399 841 3452 lib.
856 3403 906 3467 111,
952 3403 1063 3456 cebant:
1082 3401 1179 3456 «Unde
1194 3403 1258 3456 mibi
1272 3421 1313 3454 res
1326 3401 1410 3456 illei»
1427 3415 1453 3454 et

406 3497 465 3551 cap.
475 3482 505 3544 8,
515 3478 599 3530 tribus
608 3477 836 3549 quemqncfundis
846 3499 909 3550 prn-
955 3483 1048 3535 «unde
1059 3503 1112 3536 rem
1122 3483 1192 3536 illam
1204 3482 1305 3536 mihii·
1320 3494 1346 3534 et
1360 3481 1453 3536 «uude

406 3559 464 3612 liari
482 3559 590 3612 solitum
609 3561 681 3611 testis
701 3571 755 3623 est,
777 3571 802 3610 et
819 3560 907 3612 cibum
951 3561 1051 3615 illudi»
1067 3565 1134 3614 Nam
1142 3564 1200 3634 quis
1208 3561 1398 3634 eperetjaculis
1406 3575 1452 3614 ant

405 3657 504 3710 pueros
517 3651 626 3690 amatre
637 3657 689 3688 non
701 3638 847 3708 accepisse,
857 3640 908 3692 nisi
952 3644 1053 3714 sagittis
1066 3661 1155 3694 muros
1168 3659 1246 3714 posse
1263 3638 1387 3693 defendi?
1397 3641 1454 3692 No-

407 3737 486 3788 quem
505 3720 561 3788 ipsa
581 3730 744 3770 monstrante
762 3722 907 3788 percussis·
953 3734 1006 3780 ater
1015 3719 1061 3772 lib.
1070 3723 1117 3786 vl,
1129 3723 1191 3787 142,
1204 3720 1300 3773 nUnde
1310 3738 1373 3790 ergo
1383 3718 1453 3782 belia

407 3809 484 3848 sent:
509 3809 596 3850 certos
620 3797 699 3848 etiam
723 3815 814 3850 eorum
840 3800 907 3852 ictus
954 3799 1170 3870 tibinebasque
1186 3804 1277 3870 ignara
1293 3801 1450 3852 timerem?-

407 3877 502 3936 iuisse;
519 3894 600 3944 quum
613 3873 668 3926 baec
681 3873 737 3928 sola
750 3880 823 3945 genti
835 3897 908 3930 arma
989 3879 1048 3947 859.
1071 3880 1168 3932 Verum
1188 3880 1260 3932 ovidi
1279 3891 1304 3931 et
1325 3888 1453 3932 tomento

407 3955 521 4019 fuerint,
535 3953 562 4006 id
579 3972 661 4004 unum
676 3954 709 4004 ab
726 3956 837 4010 infantia
852 3971 908 4009 stu·
954 3969 1053 4025 rotant,
1070 3971 1096 4022 et
1109 3958 1221 4012 molibus
1237 3969 1335 4033 urqent.
1354 3959 1418 4030 Reg.
1434 3957 1454 4008 B

407 4033 489 4084 dium.
507 4035 551 4084 Eis
571 4045 645 4084 erant
662 4046 713 4086 tres
732 4035 836 4088 funde:
855 4055 907 4090 una
953 4037 1050 4102 hahet,
1069 4039 1163 4092 Verum
1180 4039 1252 4092 avidi
1270 4049 1397 4090 tomento
1414 4055 1453 4090 ro·

407 4125 488 4182 caput
503 4111 657 4183 cingebant;
674 4111 754 4164 altera
774 4127 909 4174 ventrem
955 4127 1025 4178 tonn-
1037 4120 1101 4186 lieg.
1115 4117 1264 4172 Cnostrarn
1276 4117 1336 4170 lect.
1356 4119 1402 4170 Eu.

408 4190 833 4260 tertiamiurnanibusgestabant.
843 4195 909 4244 Fun·
990 4195 1048 4246 500.
1069 4194 1121 4246 me
1134 4215 1179 4247 nec
1194 4199 1309 4269 ingestis,
1325 4215 1371 4250 uec
1384 4207 1454 4267 terqa
