3256 5160
576 556 720 620 sinan
745 555 827 618 xu.
1167 563 1233 647 479

161 691 164 698 '
228 681 352 750 Ornihi
364 680 518 748 bissenos
530 678 676 747 multum
691 680 824 770 vigilata
838 702 900 772 per
911 704 1019 750 annos

227 793 378 861 Thebai?
386 790 457 887 jam
471 808 561 860 certe
574 814 723 884 praeseus
736 789 796 858 tibi
809 790 898 857 ferna
910 789 1094 882 benignum

229 907 350 973 Stravit
362 908 442 985 iter,
455 907 623 997 coepitque
636 926 760 969 novam
773 920 961 970 monstrare
973 903 1107 971 futuris.
1192 923 1195 934 ·

229 1020 303 1082 Jarn
317 1031 349 1080 te
361 1016 598 1105 magnanimus
611 1012 770 1104 dignatur
781 1035 921 1079 noscere
933 1017 1063 1096 Caesar,

231 1124 314 1191 Itala
323 1121 393 1216 jam
407 1121 518 1191 studio
531 1123 646 1204 discit,
659 1138 892 1216 memoratque
900 1119 1076 1215 juventus.
1182 1139 1233 1191 815

230 1237 329 1316 Vive,
344 1258 481 1327 precor:
495 1258 558 1301 nec
572 1251 607 1300 tu
620 1233 768 1300 divinant
782 1232 918 1299 AEneida
931 1248 1042 1317 tenta,

230 1345 294 1414 Sed
308 1346 408 1438 longe
418 1369 578 1440 sequere,
592 1361 626 1412 et
637 1347 776 1435 vestigia
788 1368 923 1435 semper
934 1343 1048 1412 adora.

231 1462 312 1523 Mox
324 1455 399 1538 tibi,
413 1458 440 1524 si
453 1459 528 1550 quis
541 1455 652 1522 adhuc
664 1454 843 1547 praetendit
853 1453 970 1521 nubila
981 1454 1082 1539 livor,

230 1568 384 1650 Occidet,
398 1584 432 1635 et
442 1571 553 1635 meriti
566 1585 643 1661 post
654 1591 708 1634 me
720 1567 911 1634 referentur
923 1567 1078 1635 honores.

221 1789 281 1844 813.
294 1791 391 1844 Stravit
400 1793 454 1843 iter.
465 1793 544 1842 Perna
558 1803 689 1844 sternente
734 1791 814 1842 stanti
831 1803 857 1840 et
872 1788 955 1840 libera
973 1789 1157 1844 benevolentia
1173 1791 1239 1844 coli-

184 1867 328 1940 beuiflnum
346 1871 396 1920 iter
412 1867 446 1919 ad
466 1883 585 1940 posteros
605 1887 690 1938 usque
734 1879 806 1918 tur.·
828 1865 965 1918 Sallustius
982 1867 1064 1939 Epist.
1084 1871 1120 1935 11,
1134 1869 1168 1920 ad
1184 1872 1238 1923 Gn-

185 1969 316 2022 proceres.
328 1952 453 2002 Ltcrsnr.
463 1980 499 1989 -
508 1953 620 2003 Novam.
632 1949 691 2001 Fal·
735 1965 820 1997 sarem
835 1946 868 1997 de
882 1949 946 2017 Rep.
959 1947 1129 2000 Ordinanda:
1148 1951 1237 2001 «Nam

185 2029 249 2080 litur
259 2031 379 2081 Petavins
389 2027 501 2080 credens
511 2049 541 2080 ex
551 2029 601 2080 bac
611 2048 691 2094 voce,
735 2030 807 2078 vivos
818 2026 949 2078 interdum
962 2029 1082 2094 fortuna,
1092 2049 1161 2101 saepe
1172 2033 1239 2083 invi-

185 2129 297 2176 novam,
308 2109 472 2160 Thebaidem
485 2109 518 2160 ab
530 2123 638 2160 auctore
649 2108 690 2160 bis
735 2106 778 2158 dia
794 2109 885 2176 fatigat
895 2129 900 2156 ε
915 2106 960 2158 ubi
973 2111 1059 2160 anima
1070 2124 1171 2162 nuturae
1182 2129 1239 2162 ces-

186 2189 285 2242 editam
303 2191 399 2251 l'uisse;
418 2207 511 2241 novam
534 2189 603 2239 enirn
626 2186 691 2239 nilril
735 2186 891 2252 sit,detntis
908 2186 1163 2254 obtrectationibus,
1181 2191 1238 2260 ipsa

187 2268 259 2320 aliud
277 2284 329 2336 est,
345 2287 424 2339 quarn
439 2280 586 2332 recentem,
603 2266 692 2318 calen-
736 2283 764 2315 se
773 2267 854 2315 virtus
866 2267 946 2334 tnagis
957 2267 1092 2338 magisque
1103 2267 1212 2320 extollit.
1225 2293 1236 2315 ι

187 2363 239 2400 teto
254 2349 287 2400 ab
298 2348 404 2400 incude.
736 2344 812 2396 ovid.
829 2347 917 2396 Amor.
933 2347 957 2410 l,
973 2364 1016 2411 xv,
1033 2349 1082 2416 39:
1100 2353 1240 2402 uPascitur

224 2430 284 2482 818.
309 2431 373 2480 Mox
395 2427 457 2492 riti,
475 2427 496 2478 si
516 2425 576 2497 quis
595 2425 689 2476 adhue.
736 2427 763 2476 in
775 2426 840 2476 viris
852 2423 931 2476 livor:
945 2440 1006 2496 post
1022 2428 1077 2478 lata
1093 2431 1236 2499 quiescit.»

187 2506 443 2578 Denique‚sir1nis‚
460 2517 509 2556 etc.
529 2505 591 2574 legit
610 2503 692 2556 Silre·
773 2505 832 2571 819.
859 2505 967 2570 Meriti,
992 2521 1041 2558 etc.
1066 2509 1127 2559 Post
1151 2528 1240 2561 meum

189 2601 242 2637 ster
260 2587 384 2638 Giraldus
404 2587 479 2636 Praef.
498 2583 692 2655 Topograpltiae
737 2583 839 2635 obitnnr
858 2600 997 2637 evanescet
1013 2587 1123 2652 invidia,
1141 2603 1167 2640 et
1183 2589 1240 2657 glo-

188 2665 329 2717 Hiberniae.
341 2696 377 2706 -
391 2666 454 2716 Mox
471 2663 531 2727 tibi,
544 2665 565 2714 ri
576 2664 633 2735 quis
646 2663 693 2713 ad·
737 2665 775 2715 ria
787 2683 845 2714 tneo
856 2667 978 2734 perennis
987 2667 1043 2717 erit.
1052 2669 1129 2737 Prop.
1142 2666 1187 2719 lib.
1196 2672 1240 2736 ΙΙΙ,

190 2743 240 2794 lruc
250 2744 388 2815 pretendit
400 2741 488 2793 nubila
501 2740 570 2792 livor
581 2741 692 2792 Occidet.
737 2740 810 2812 Eleg.
827 2759 849 2806 r,
864 2759 891 2791 21
908 2755 1000 2814 etseq.
1018 2747 1071 2796 «At
1088 2744 1151 2796 mihi
1167 2747 1241 2817 quod

188 2820 366 2892 Theophrasti
375 2821 474 2873 dictatu
483 2841 488 2870 :
497 2815 693 2886 Φθόιοςποΐςζόσι
737 2823 796 2871 viro
814 2820 957 2872 detraxerit
969 2823 1057 2874 inridit
1071 2825 1162 2892 turba,
1178 2829 1242 2878 Post

189 2897 245 2970 ηδε
262 2899 290 2953 nl
306 2901 442 2954 intrani-
457 2897 483 2950 τὸ
501 2895 527 2950 t:
537 2897 569 2964 μΙ
586 2896 693 2962 danobis
739 2899 841 2950 obittnn
854 2899 954 2971 duplici
968 2904 1067 2955 foenore
1082 2905 1174 2957 reddet
1189 2906 1241 2958 ho-

191 2980 616 3050 airamynrionqredroiqarniparnea.
631 2980 695 3030 «ln-
738 2997 818 3029 noc·
841 2981 901 3046 Quo
921 2978 982 3032 loco
1002 2982 1062 3034 vide
1082 2983 1193 3055 pulchra
1215 3000 1241 3038 et

190 3060 258 3112 vidie
272 3073 374 3113 tautum
386 3062 412 3110 in
423 3061 495 3110 vivos
506 3069 559 3109 est:
573 3071 694 3112 mortuus
739 3057 811 3110 utilia
832 3079 890 3130 qna¹
904 3059 1041 3114 adnotavit
1058 3063 1177 3134 plurimrs
1197 3065 1241 3118 ille

190 3159 267 3206 vero,
284 3143 374 3213 utqui
391 3139 488 3190 nemini
508 3138 610 3202 obstat,
629 3155 694 3187 con-
738 3137 860 3190 lectionis
872 3140 989 3193 loannes
1003 3143 1172 3196 Passeratius.

543 3661 644 3706 riuis
668 3633 904 3707 rnuutrnos.¹
