3256 5160
591 491 735 556 mnan
758 489 842 553 xn.
1182 492 1242 573 43,

242 631 383 696 Moestus
395 626 428 691 in
444 620 621 715 amplexu,
634 619 849 714 multumque
860 641 881 688 u
893 617 1009 686 limine
1019 641 1155 688 summo
1197 650 1249 704 ιφ

242 741 451 834 Respiciens:
465 735 527 805 sed
539 733 633 803 nulla
644 736 759 801 animo
770 731 969 802 obversatur
979 733 1092 825 imago

241 851 411 932 Crebrtor,
424 851 520 917 Aonii
533 871 637 942 qnam
649 869 726 941 qnae
737 843 780 913 dc
793 845 957 936 sanguine
969 846 1079 937 campi
1168 867 1171 884 ¹

245 961 342 1029 Nuda
353 962 460 1042 venit,
472 959 648 1052 poscitque
659 977 776 1048 rogos:
790 953 841 1022 his
851 955 952 1022 unxia
962 970 1111 1022 mentem

240 1073 403 1162 AEgrescit
414 1071 521 1152 curis,
533 1084 585 1151 et,
600 1069 659 1161 qui
670 1067 880 1134 castissimus
892 1062 1012 1147 ardor,

247 1185 362 1248 Funus
371 1196 478 1248 amat:
491 1195 575 1246 tuno
584 1176 630 1245 ad
641 1177 781 1245 comites
793 1197 955 1244 conversa
968 1174 1137 1268 Pelasgas:
1199 1191 1248 1260 ¹9⁵

193 1346 303 1422 plexus:
319 1363 425 1402 noctem
440 1347 555 1422 denique
570 1360 655 1400 actam
669 1345 701 1398 li·
742 1345 914 1397 femininum:
933 1344 1044 1397 alterum
1063 1345 1193 1414 activum,
1208 1347 1247 1400 al-

193 1429 280 1480 centia
289 1427 430 1500 conjugali.
442 1452 453 1476 ι
465 1428 699 1498 Scriptorignotus
742 1423 944 1496 temmpatibile
952 1443 959 1486 ς
967 1423 1248 1497 ideoqueeveteribus

193 1507 321 1574 Onusta,
333 1527 371 1561 ve.
382 1508 451 1578 699:
467 1529 479 1553 ι
487 1505 558 1558 vidit
569 1507 699 1559 attonitus
743 1507 910 1572 institutum,
923 1519 953 1558 ut
964 1517 1130 1558 sacramento
1140 1508 1207 1580 iguis
1221 1521 1248 1562 et

193 1600 266 1640 tuam
278 1589 400 1640 Formam
410 1587 537 1650 Senatus,
547 1599 605 1637 tura
614 1603 697 1658 quum
743 1603 817 1658 aque
833 1585 988 1655 nuptiarum
1006 1584 1107 1638 foedera
1126 1588 1247 1640 sancian-

193 1665 698 1740 Superiatlares‚Sacrasquegratospur·
743 1663 1248 1738 tut-‚quudloetusanimentiumcalore

192 1765 268 1818 geres
281 1765 339 1799 aras
353 1763 443 1812 mero,
455 1745 549 1798 Velata
564 1761 696 1799 summum
742 1759 769 1798 et
782 1744 895 1798 humore
907 1759 1077 1817 corporentut
1101 1756 1120 1795 ¹:
1132 1749 1249 1801 animen-

193 1824 316 1877 llammeo
335 1827 409 1876 tenui
427 1837 517 1896 ceput.
527 1847 539 1871 ι
556 1823 697 1875 Terentius
741 1838 785 1878 tur
800 1823 932 1878 advitam.
949 1825 1107 1878 'videndus
1116 1827 1201 1878 Varro
1213 1826 1248 1879 de

192 1902 371 1972 Phormione,
390 1917 441 1956 act.
461 1907 506 1970 tv,
520 1920 592 1954 scen.
611 1900 644 1968 d,
658 1919 695 1953 vs.
741 1907 843 1976 Lingua
864 1903 976 1972 Latina,
1000 1905 1043 1958 liv.
1064 1907 1114 1973 lv,
1137 1906 1248 1961 Ovidius

194 1997 243 2033 nt:
261 2004 273 2028 ι
282 1981 309 2034 Si
325 1993 464 2052 argentum
481 1981 629 2053 acceperit,
646 1977 698 2032 du·
740 1983 879 2034 Pastorum
891 1983 941 2044 lV;
955 1983 1057 2035 Nonius
1069 1985 1149 2035 etiam
1160 1986 1187 2036 in
1201 1987 1248 2038 Ti-

192 2060 276 2113 oenda
292 2075 332 2114 eat
350 2079 432 2128 uxor,
453 2074 482 2114 ut
499 2062 556 2114 eis:
576 2059 696 2113 concedo
741 2063 841 2115 tionem
851 2074 877 2114 et
886 2063 912 2114 in
924 2061 1005 2116 Felix.
1015 2064 1071 2115 Erit
1079 2065 1192 2118 fortasse
1202 2065 1248 2118 ali·

192 2140 257 2192 tibi:
274 2143 388 2214 spatium
403 2138 512 2216 quidem
526 2139 635 2193 tandem
649 2159 697 2213 ap·
741 2142 815 2215 quia,
834 2144 878 2195 cui
900 2156 973 2195 extra
992 2141 1103 2196 limitem
1121 2158 1248 2218 extraque

192 2219 317 2292 parandis
333 2221 448 2293 nuptiis;
466 2218 597 2287 vocandi,
615 2221 697 2271 sacri·
742 2215 812 2275 oleas
825 2221 914 2295 (qnod
933 2219 1046 2286 dicitur)
1064 2223 1102 2275 ire
1118 2223 1245 2278 videbor:

191 2297 289 2352 licendi
301 2299 407 2353 dabitur
421 2297 579 2372 paullulum.
593 2322 604 2346 ι
618 2298 698 2352 Vale·
741 2319 796 2354 non
809 2319 856 2365 θος
872 2315 938 2355 noto
952 2299 1096 2368 beatulis,
1109 2315 1139 2356 ut
1150 2305 1247 2358 intelli-

191 2380 246 2432 rius
264 2378 393 2448 Flaccus,
413 2383 559 2453 Argenuus.
575 2379 651 2445 Vlll‚
670 2398 695 2431 v.
740 2394 787 2452 gat
794 2386 921 2454 juventus
937 2383 1075 2454 Pupinium
1088 2383 1246 2438 scribentem

193 2459 265 2527 243:
290 2482 302 2506 ι
316 2459 380 2513 lnde
399 2460 446 2512 ubi
464 2460 614 2526 sacrificas,
634 2476 695 2512 cum
741 2459 828 2533 Epith.
844 2460 930 2514 Stelle
942 2460 1134 2514 ctViolantillae
1145 2486 1151 2514 :
1163 2486 1174 2510 ι
1187 2483 1247 2536 pro·

190 2541 305 2613 conjuge
316 2542 387 2594 veuit
400 2539 433 2592 ad
452 2557 510 2592 aras
528 2537 695 2604 Ausonides,
740 2539 784 2592 cul
805 2559 867 2592 ecce
886 2557 985 2592 canoro
1002 2541 1157 2612 Demigrant
1172 2542 1246 2595 Heli·

189 2619 696 2691 unaqueadeunt‚pariterqueprecari
740 2619 1247 2691 eoneDeoeqostiuntquenosenuLam·

190 2700 430 2772 Incipiunt‚ignem
440 2698 535 2752 Pollux
542 2697 696 2770 undamque
738 2699 809 2770 pade
823 2698 977 2751 sollemnem
990 2696 1246 2753 thalamis'coeunti·

187 2779 306 2851 jugalem
318 2775 440 2832 Protulit.
454 2801 466 2825 ι
482 2779 535 2846 Qui
546 2776 621 2829 locus
630 2777 696 2830 alta·
738 2777 906 2848 lusignan,
919 2780 952 2830 Et
965 2778 999 2830 de
1018 2779 1107 2832 Pieriis
1125 2780 1246 2833 vocalem

190 2861 245 2910 rius
258 2857 396 2930 eujusdam
413 2860 478 2911 ritus
494 2875 636 2910 memorem
653 2875 696 2908 me
739 2858 858 2910 lontibus
871 2855 981 2910 undum.
998 2881 1009 2904 ι
1026 2858 1141 2929 Respicit
1157 2874 1245 2914 vetus·

191 2936 493 2991 redditlurisconsultus
504 2936 521 2988 l.
532 2935 631 3006 penult.
648 2934 694 3006 §l‚
739 2937 868 2988 tissimum
880 2935 951 2986 huno
963 2937 1043 2986 ritum
1057 2947 1083 2987 et
1099 2939 1171 3008 ipsas
1184 2941 1245 2991 Mu-

190 3017 225 3072 de
239 3019 336 3070 Donat.
347 3021 414 3070 inter
423 3020 477 3069 Vir.
488 3029 515 3068 et
527 3018 607 3067 Uxor.
618 3037 629 3061 α
639 3017 696 3066 Vir·
740 3033 782 3067 sas
801 3032 831 3066 ee
848 3033 904 3086 que
922 3012 957 3066 ad
976 3012 1113 3068 sollemnia
1128 3030 1245 3090 gestasse

188 3097 244 3168 gini
256 3101 284 3150 in
297 3097 389 3150 hortos
405 3096 524 3150 deductae
546 3107 606 3147 ante
625 3093 695 3146 diem
739 3094 804 3146 vult.
819 3095 896 3145 Banu.

189 3179 297 3230 tertium
316 3195 394 3250 qoam
413 3176 450 3228 ibi
468 3176 568 3247 nuptie
586 3171 694 3239 fierent,
779 3190 836 3244 ¹9²·
847 3174 875 3225 C.
890 3173 991 3246 ΑΜ.
1002 3174 1034 3226 de
1042 3175 1245 3247 sanpninecum7

189 3257 264 3328 prius
276 3275 356 3330 quam
378 3256 411 3309 ad
429 3273 490 3309 eum
511 3256 650 3317 transiret,
668 3267 696 3306 et
737 3253 776 3326 pi.
794 3276 805 3300 ι
823 3254 852 3305 ln
866 3254 1028 3306 nounemitte
1041 3253 1170 3308 librorum
1182 3269 1242 3310 est:

189 3339 263 3409 prius
278 3355 357 3409 quam
369 3353 440 3407 equa
451 3348 478 3387 et
491 3336 545 3406 igni
560 3334 695 3404 accipere-
736 3331 845 3405 puluere
856 3331 950 3404 campi.
962 3331 1033 3384 Nihil
1046 3331 1212 3386 mutandum.
1229 3360 1241 3384 ι

188 3431 241 3471 tur.
255 3442 266 3466 ι
278 3418 419 3490 Dionysius
427 3415 620 3488 Antiquitatum
628 3414 651 3466 ll
661 3411 694 3466 tle
778 3411 836 3482 193.
849 3411 916 3464 Vide
929 3423 995 3463 totu.
1008 3413 1035 3478 1,
1050 3431 1076 3483 p.
1097 3411 1149 3484 395
1167 3415 1244 3468 Statii

184 3494 318 3560 Romulo,
330 3507 419 3566 raptas
432 3493 543 3546 Sabinus
559 3492 612 3544 suis
628 3509 694 3544 oon·
738 3505 808 3544 nost.
824 3488 887 3544 edit.
900 3493 945 3544 En.

186 3576 310 3646 jungens.
335 3595 347 3620 ι
366 3575 480 3646 Nuptiae
498 3573 567 3624 inter
587 3589 633 3624 eos
652 3570 693 3625 his
777 3571 1243 3647 194.AE9netecum.1a3meuft-

188 3653 387 3706 conditionibus
403 3649 564 3715 concilians,
581 3663 610 3703 ut
625 3653 693 3722 ignis
737 3653 782 3706 riis
793 3653 908 3724 Lipsiae.
921 3652 979 3703 Put.
989 3665 1016 3704 et
1027 3655 1133 3724 optime
1142 3653 1241 3708 Barthii

96 3735 100 3746 ‘
188 3743 216 3784 et
227 3749 301 3806 aque
312 3733 429 3806 ejusdem
442 3734 585 3804 participes
595 3743 692 3799 essent,
736 3731 1240 3802 membratim-lnlieffllinvenitur,

189 3811 416 3882 quemadmodum
431 3809 554 3864 adhucet
565 3823 692 3864 nostratu-
736 3813 852 3886 Eqnsct'l
863 3811 958 3883 fieriiu
980 3811 1008 3862 in
1027 3813 1090 3884 ch.
1110 3813 1132 3865 C
1150 3827 1241 3867 nostra

187 3889 291 3942 tetulit.
309 3913 320 3939 ι
335 3891 448 3944 Causam
464 3888 544 3961 hujus
554 3892 620 3943 ritus
630 3889 691 3943 red·
735 3887 794 3943 lect.
812 3890 858 3942 En.
871 3919 907 3930 -
919 3889 1076 3944 Οαετὺσίηιω
1092 3892 1177 3945 ardor.
1194 3893 1240 3946 llle

187 3968 257 4021 didit
269 3969 422 4024 Lactantius
433 3970 466 4024 de
484 3972 595 4042 Origine
612 3973 692 4024 Erro·
736 3961 933 4023 laudatissimus
944 3988 1027 4037 amor,
1041 3973 1088 4043 qui
1100 3983 1161 4042 post
1172 3989 1240 4024 mon·

189 4049 239 4112 ris,
253 4046 297 4100 lib.
309 4050 411 4121 ll‚cap.
423 4067 464 4117 to,
474 4049 508 4102 de
520 4068 589 4122 aqna
597 4063 623 4102 et
631 4052 692 4121 igne
735 4047 894 4116 temdum,
908 4063 935 4102 et
950 4053 1060 4122 conjugi
1076 4051 1155 4103 etiam
1171 4070 1240 4104 mor·

188 4143 285 4196 agens:
300 4149 312 4174 ι
326 4127 445 4182 Alterum
457 4132 527 4182 enim
542 4132 617 4202 quasi
626 4149 693 4184 mas·
737 4147 784 4184 tuo
796 4129 873 4184 fidem
883 4145 977 4185 servat.

189 4205 308 4259 culinum
317 4206 488 4274 elementum,
498 4208 608 4261 alterum
616 4212 692 4280 quusi
776 4207 930 4280 tupilianus
938 4221 1019 4264 amat.
1030 4210 1098 4264 Vide
1107 4229 1186 4284 supra
1199 4231 1236 4265 vs.
