3256 5160
424 639 425 648 ,
623 571 767 640 LIBER
791 573 821 642 1.
1180 577 1248 665 487

241 701 308 769 Scit
319 701 470 767 Dircoeus
483 719 581 790 ageri
594 719 719 792 meque
729 699 819 764 inter
829 697 940 790 priscn'
952 712 1134 790 parentum
1191 695 1194 703 ’

240 812 402 891 Nomina,
416 825 566 906 cumque
578 831 641 878 suo
653 825 836 890 numerant
846 809 1037 902 Amphione
1047 809 1186 880 Thebae.

286 927 329 988 At
342 937 397 1004 tu,
410 943 512 1016 quem
524 919 626 1013 longe
639 922 789 1014 primum
804 935 919 1013 stupet
936 919 1018 987 ltala
1032 922 1152 1005 virtus,

239 1032 424 1125 Graiaque,
439 1035 495 1100 cui
506 1034 650 1125 gaminae
662 1029 786 1100 florent
796 1043 981 1126 vatumque
994 1030 1191 1127 ducumque
1215 1043 1253 1097 15-

239 1143 397 1209 Certatim
412 1141 547 1225 laurus,
560 1141 642 1210 olim
656 1139 749 1210 dolet
763 1140 870 1209 altera
882 1143 989 1225 vinci,

238 1254 289 1318 Da
300 1255 449 1335 veniam,
464 1275 505 1320 ac
518 1249 689 1345 trepidum
699 1267 815 1344 patere
826 1250 892 1318 hoc
904 1249 1028 1320 sudare
1039 1275 1223 1346 parumper

240 1361 398 1431 Pulvere:
413 1378 446 1431 te
459 1360 579 1454 longo,
591 1360 740 1432 necdum
752 1356 877 1432 fidente
889 1377 1011 1455 paratu

238 1472 641 1571 Molimur,magnnsque
655 1463 1055 1568 tibipraeluditthilles.
1117 1483 1120 1494 ’

189 1752 215 1785 ν.
225 1732 287 1786 3³1.
300 1754 312 1779 ι
322 1731 458 1786 Concolor
472 1746 513 1786 est
522 1731 589 1786 albis
600 1746 626 1787 et
640 1749 697 1788 cae
779 1733 820 1788 ιθ.
835 1733 906 1788 Olim
917 1732 1079 1788 doletaltrra
1089 1733 1167 1786 uinci.
1179 1735 1249 1788 Poe-

189 1812 226 1867 eis
240 1823 267 1864 et
280 1813 328 1864 itu.
339 1809 366 1864 la
378 1812 474 1864 cristis.
485 1834 497 1858 ι
739 1815 792 1867 ties
804 1813 839 1867 ab
850 1815 1031 1885 Imperatoria.

229 1889 269 1957 14.
288 1890 378 1964 Lotape
391 1891 507 1962 primum
525 1899 610 1963 stupet
625 1887 697 1943 Itala
780 1909 821 1963 17.
837 1895 868 1946 1).
884 1913 908 1947 υ.
920 1914 947 1946 a.
960 1905 979 1946 t.
991 1903 1080 1965 patere
1094 1893 1247 1950 locumve

187 1974 277 2026 eluat.
289 1973 432 2044 Aptissime
444 1985 594 2025 assentatur
607 1972 698 2024 Domi·
739 1991 890 2048 parumper.
898 1972 1090 2044 llegAEliabet,
1097 1986 1186 2045 patere
1198 1973 1255 2028 hor·

189 2053 277 2120 nano,
294 2050 368 2123 quotl
385 2069 454 2123 sepe
470 2051 536 2103 facit
555 2052 584 2104 in
603 2049 693 2116 Silvis,
737 2053 1006 2126 ruadmpammpm
1017 2054 1082 2122 ling.
1096 2052 1117 2104 C
1129 2064 1248 2104 noctram

189 2133 281 2206 sicque
290 2136 348 2204 ejus
357 2131 565 2184 benivolentiam
575 2129 625 2182 sibi
633 2149 696 2182 aon-
738 2131 800 2184 leot.
813 2133 859 2186 Eu·
870 2160 906 2172 -
916 2131 1171 2203 Sudanpammprr
1181 2129 1252 2184 Par-

189 2211 268 2266 ailiat.
284 2213 382 2265 Sensus
396 2226 455 2265 est:
469 2225 496 2263 at
512 2225 557 2280 tu,
577 2212 695 2282 lmpera·
740 2231 807 2266 vere.
816 2211 847 2264 ld
857 2224 910 2276 est,
920 2211 971 2264 hac
981 2211 1183 2277 exercitatione,
1193 2229 1248 2263 me·

187 2305 244 2358 tor,
258 2293 304 2366 qui
318 2289 401 2344 literis
414 2305 440 2343 et
450 2291 549 2344 Latinio
562 2304 588 2342 et
599 2291 698 2344 Graecia
739 2291 854 2363 taphora
867 2291 989 2344 desumto
1005 2308 1022 2342 a
1036 2287 1174 2342 curulibus
1188 2305 1248 2342 cer-

187 2373 224 2424 itn
236 2370 361 2444 preditus
376 2390 418 2438 es,
432 2385 462 2423 ut
478 2370 645 2424 admirationi
659 2372 695 2422 sis
739 2369 897 2434 taminiltuu
906 2369 1044 2443 pulverem
1053 2370 1123 2421 enim
1130 2371 1248 2422 excitant

188 2453 312 2505 omnihus
329 2451 480 2504 oratoribus
499 2465 526 2503 at
540 2450 627 2522 poetis
639 2463 695 2502 tam
739 2463 766 2504 et
775 2450 911 2520 colligunt.
923 2451 1059 2515 Horatius,
1067 2447 1114 2502 lib.
1125 2450 1150 2514 l,
1159 2447 1212 2500 Od.
1224 2465 1246 2500 1:

186 2532 282 2585 Grecis
295 2550 374 2605 quam
387 2532 502 2598 latinis,
516 2531 696 2601 aeqnoanimo
741 2530 830 2584 «Sunt
856 2547 924 2601 quos
949 2529 1081 2582 curriculo
1108 2527 1247 2600 pulverem

187 2625 279 2682 patere
297 2614 320 2664 si
337 2629 353 2662 a
371 2610 449 2664 nobis
468 2613 542 2683 prius
560 2607 692 2676 Achillea,
737 2610 907 2682 Olympicum
925 2608 1069 2680 collegisse
1083 2610 1168 2678 juvat.
1179 2631 1192 2655 ι
1209 2635 1247 2649 -

188 2709 267 2762 quam
287 2694 359 2744 lacta
377 2706 422 2744 tua
441 2692 613 2744 scribantur:
631 2710 694 2744 nam
737 2689 1247 2759 &idereQnialteccer-taminamagna

185 2773 340 2843 imperatori
360 2789 389 2824 se
409 2774 466 2841 ejus
486 2785 560 2841 gesta
581 2773 697 2843 scriptu·
737 2772 910 2824 contentione
922 2767 1030 2822 flebant.

186 2848 694 2921 rumpollicituaiuerat-Italavir·
776 2850 818 2902 18.
839 2851 876 2902 Te
896 2850 993 2922 lonqo,
1017 2849 1127 2902 necdum
1140 2847 1246 2921 fidente

187 2942 228 2982 tus
249 2930 389 3000 Graiaque.
411 2930 456 2981 ed·
473 2928 538 2982 illud
559 2944 693 2982 certamen
736 2941 841 3003 paratu.
857 2930 1012 2982 Adulatorie
1030 2929 1094 2982 dicit
1112 2947 1141 2982 se
1157 2931 1250 3001 impa-

186 3012 313 3082 respexit,
326 3009 399 3081 quod
410 3010 607 3082 φιὶηφιοηυαΙο
617 3009 694 3082 Capi·
737 3029 794 3062 rem
811 3008 958 3062 scribendis
969 3009 1051 3066 rebus
1066 3011 1146 3080 gestis
1158 3012 1246 3080 impe·

185 3089 271 3142 solino
283 3092 343 3142 lori
354 3091 505 3142 instituerat
516 3089 625 3162 triplex,
638 3107 695 3142 rnn-
736 3093 846 3154 tatoris,
862 3108 944 3162 seqare
958 3089 1088 3143 deterreri
1101 3088 1247 3142 difficalta-

184 3171 284 3234 ticum,
292 3181 423 3242 equestre,
429 3171 590 3241 gymnicum.
599 3172 628 3222 ln
638 3187 692 3241 quo
736 3185 763 3226 te
775 3174 877 3243 operis,
889 3172 1011 3244 quamvis
1022 3171 1074 3224 hoc
1087 3187 1244 3241 summope-

184 3247 338 3301 eertrhatur
351 3250 430 3300 etiam
443 3261 469 3301 et
480 3267 560 3320 prosa
570 3249 692 3302 oratione
736 3271 766 3304 re
779 3265 893 3324 optaret.
907 3248 1029 3322 lipistole
1041 3249 1076 3302 ad
1087 3248 1244 3302 Marcellum

185 3328 277 3381 Graece
297 3327 460 3398 Latineque,
484 3339 513 3378 nt
536 3325 598 3378 ideo
617 3325 692 3379 dicat
736 3332 893 3396 Victoriam,
901 3329 961 3386 Silv.
973 3331 1018 3396 lv,
1028 3329 1059 3397 4,
1069 3349 1093 3382 r.
1103 3329 1138 3400 95
1149 3341 1175 3380 et
1184 3346 1243 3400 sqq.

185 3407 309 3458 omnihus
324 3405 475 3458 oratoribus
487 3418 540 3458 inm
550 3406 596 3458 Gr.
609 3423 691 3476 quem
739 3415 842 3481 uTroja
859 3411 980 3481 quidem,
997 3425 1164 3480 magnusque
1179 3407 1245 3462 milti

184 3486 286 3539 Latinis
299 3487 380 3538 luisse
391 3485 550 3538 mirabilem.
567 3489 689 3540 Borrine.
734 3505 854 3546 tutatur
867 3490 999 3554 Achillea;
1015 3489 1067 3544 Sed
1080 3502 1158 3542 vocet
1169 3489 1244 3542 Arci·

224 3564 262 3618 ¹5-
286 3567 403 3618 Gemina
422 3576 562 3637 vatumque
579 3567 691 3618 dmm·
735 3585 829 3624 tenens
843 3569 896 3624 alio
910 3583 1000 3642 pater,
1018 3585 1144 3640 armaque
1163 3587 1243 3620 mon·

184 3661 235 3715 que
255 3645 378 3698 Certatim
398 3643 494 3699 launa.
512 3647 600 3698 Louro
620 3646 691 3697 enim
734 3651 925 3704 atratAnsonii
938 3651 1040 3719 majora
1053 3646 1146 3700 ducit:
1161 3645 1244 3699 trahit

184 3737 268 3794 poete
282 3741 313 3778 se
327 3727 503 3797 imperatores
520 3723 690 3778 coronaban-
734 3732 851 3801 impetus
864 3729 911 3784 illo
927 3726 1103 3801 iampridem,
1121 3705 1243 3778 retr-altit-

183 3815 236 3856 1111·
248 3831 284 3844 -
297 3805 423 3858 Gemlnoe·
435 3806 503 3858 Tam
516 3805 552 3856 ob
566 3803 691 3856 bellicam
735 3813 884 3882 quatimur.
895 3809 1041 3862 stabuntne
1052 3805 1101 3858 sub
1113 3801 1158 3863 illa
1169 3805 1242 3860 Mole

182 3884 323 3952 virtutem,
344 3903 424 3956 quam
445 3884 481 3937 ob
498 3885 608 3956 poesim
628 3903 690 3938 nam
734 3888 854 3946 humeri?
870 3908 904 3942 an
921 3906 1020 3959 magno
1033 3890 1155 3940 vincetur
1170 3903 1241 3957 pon-
1263 3945 1270 3968 a

182 3964 350 4017 Domitianus
362 3968 496 4037 poeticam
508 3967 599 4038 primis
613 3967 690 4020 annis
735 3969 798 4022 dere
804 3971 975 4035 carvixlDic,
983 3965 1118 4029 Marcelle,
1124 3965 1238 4016 leram.»

183 4042 344 4096 excoluerat.
365 4047 454 4114 Quam
475 4060 565 4100 tarnen
590 4048 690 4117 sprevit
773 4065 813 4119 ¹9·
828 4051 868 4100 M.
881 4067 934 4121 mq.
950 4061 969 4101 t.
980 4045 1104 4119 praeludit
1114 4044 1240 4098 Achilles.

183 4125 689 4196 posonenabjeuautrererunsue-
734 4127 863 4181 Proelurlit
880 4125 1003 4178 Achilles·
1023 4126 1073 4176 «ln
1091 4123 1165 4176 libris
1183 4123 1241 4177 aliis

184 4202 273 4256 tonius
285 4215 312 4255 et
324 4204 447 4258 Tacitus:
463 4205 511 4258 sed
525 4207 689 4259 contrarium
733 4191 837 4275 lectuni
853 4219 985 4260 memoret
1004 4205 1156 4258 Bernarma
1174 4221 1242 4276 prae·

182 4278 276 4334 dicunt
286 4281 384 4336 Fabius
395 4297 421 4336 et
432 4285 539 4338 Plinius.
733 4285 812 4340 rudet.
834 4283 909 4336 lliliil
928 4281 1095 4338 mutandum.
1107 4306 1118 4330 ι
1142 4283 1241 4336 uina..
