3230 5168
374 561 435 645 154
607 563 643 626 P.
669 562 706 625 P.
732 559 886 626 STATll
911 557 1188 625 THEBAIDOS

415 696 554 758 Pectora
567 716 573 756 :
587 706 670 757 tunc
681 711 765 756 auro
776 685 951 780 phaleras,
964 706 1115 781 auroque
1127 687 1263 780 sagittas

414 798 637 902 cingulaque,
650 813 686 867 et
695 801 859 880 manicas,
871 821 916 865 ne
927 794 1071 890 conjuge
1081 795 1181 864 vilior
1191 799 1268 880 iret,

415 915 600 990 Presserat,
612 925 645 978 et
656 911 800 976 mixtum
812 932 900 976 cono
911 910 1116 1000 crispaverat
1126 931 1259 976 aurum.

415 1018 555 1090 Talibus
567 1022 652 1091 heu!
667 1021 776 1091 fidens
788 1037 887 1089 vocat
897 1019 1161 1112 ultrninpraelia
1172 1023 1303 1090 Graios.
1367 1033 1419 1105 570

415 1141 463 1202 Ac
474 1137 622 1228 primum
634 1132 748 1204 faciles
761 1149 933 1226 grassatus
945 1132 1086 1226 cuspide
1096 1148 1228 1200 turmas

415 1249 518 1313 Arma
530 1245 633 1314 refert
643 1248 758 1328 sociis,
771 1247 852 1314 etin
864 1246 999 1338 agmina
1010 1243 1238 1337 lida,peracta

415 1356 528 1442 Caede,
539 1358 645 1427 radit:
659 1361 708 1426 sic
719 1361 878 1450 Hyrcana
887 1356 942 1424 leo
953 1359 1095 1448 Caspius
1106 1354 1228 1424 umbra

419 1469 538 1540 Nudus
551 1468 676 1549 adhuc,
689 1468 854 1565 nulloque
864 1467 954 1562 jubae
967 1466 1122 1536 flaventis
1134 1466 1263 1536 honore

374 1677 378 1684 ³
415 1581 800 1676 Terribilis,magnique
811 1583 998 1650 etiamnum
1011 1581 1185 1674 sanguinis
1197 1581 1330 1664 insons,
1367 1591 1418 1662 ⁵7⁵

415 1692 517 1766 Haud
528 1689 832 1787 proculcatabulis
843 1704 956 1784 captat
966 1687 1106 1758 custode
1117 1703 1247 1757 remoto

416 1811 523 1901 segne
534 1819 855 1900 pecus,teneraque
865 1801 990 1870 famem
1002 1801 1174 1868 consumit
1182 1801 1219 1868 in
1231 1823 1328 1892 agua.

416 1923 496 1986 Mox
508 1918 663 2008 ignotum
673 1915 790 1997 armis,
803 1938 844 1982 ac
854 1910 927 1982 solo
938 1935 1079 2004 corpore
1090 1933 1229 1979 mensus

414 2025 532 2123 Tydea
544 2049 613 2094 non
626 2028 758 2095 timuit:
771 2023 948 2119 fragilique
959 2020 1124 2090 lacessere
1137 2016 1203 2087 telo

415 2140 543 2231 Soepius
553 2135 803 2226 infrendentem
813 2133 905 2218 aliis,
919 2130 1071 2225 aliosque
1083 2146 1282 2225 sequentem
1368 2140 1421 2194 suo

415 2254 527 2318 Ausus
540 2264 631 2316 crat:
644 2246 782 2315 tandem
792 2243 958 2313 invalidos
971 2240 1099 2309 AEtolus
1112 2240 1154 2308 ad
1166 2242 1252 2308 ictus

368 2481 416 2517 ms.
426 2463 566 2535 Serpentes
576 2464 729 2515 etiamnunc
738 2460 831 2514 Behot.
848 2478 871 2528 1,
917 2477 978 2511 curu
989 2457 1132 2530 Hyrcanis,
1144 2454 1181 2507 ob
1190 2454 1360 2506 vicinitatem.
1371 2452 1422 2504 Cn·

366 2541 504 2614 Suryentee
515 2539 601 2594 adduc
615 2539 708 2594 Behct.
726 2559 750 2594 a.
763 2571 799 2582 -
809 2541 872 2592 Surr-
916 2542 978 2612 spira
992 2551 1123 2592 vocantur
1135 2555 1193 2608 quae
1210 2534 1332 2588 accolunt
1347 2536 1420 2588 Mare

282 2647 286 2656 ·
364 2629 462 2695 pentes.
489 2619 665 2684 Cmscentea,
693 2620 757 2690 quia
781 2617 871 2672 adhuc
916 2619 1042 2689 Caspium
1052 2616 1087 2669 nd
1098 2611 1422 2682 occitlentem,Colclrida

367 2718 435 2771 puer
448 2712 513 2752 erat.
917 2711 943 2750 et
964 2697 1078 2748 Iberisrn
1100 2713 1207 2762 versus,
1227 2691 1298 2746 unde
1319 2692 1420 2763 Caspio·⁴

404 2778 464 2850 569.
487 2781 623 2834 Presserat.
638 2777 802 2849 Sculpeerat,
816 2781 871 2832 cire
915 2789 1017 2850 portae:
1040 2775 1238 2848 Hyrcanium
1262 2770 1421 2824 accolebant

368 2859 513 2914 celaverat.
532 2859 660 2912 buntur.
916 2855 986 2908 idern
995 2873 1069 2908 mare
1080 2853 1116 2905 ad
1125 2852 1274 2917 meridiem,
1286 2847 1422 2902 Persidem

402 2937 465 3010 570.
477 2936 585 2991 Talibus
595 2933 747 3010 leufidens.
757 2938 820 2990 Non
829 2955 872 2990 eu·
915 2953 1017 2989 versus.

367 3021 488 3091 apiciana
502 3031 579 3070 vacat
596 3017 745 3072 hievernus
760 3018 872 3092 quibus-
952 3016 1012 3086 574.
1022 3013 1362 3089 Nulloquejudoefleuenti'e
1374 3012 1422 3082 lto·

367 3097 446 3166 dnm,
459 3112 487 3152 et
501 3099 619 3152 insertus
635 3096 748 3152 videtur.
764 3128 799 3138 -
817 3097 871 3149 Ta·
916 3116 986 3151 nore.
1005 3097 1067 3148 Nou
1082 3099 1152 3148 enirn
1164 3093 1250 3165 jubari
1264 3105 1419 3146 nascuntur.

367 3174 440 3230 liius.
462 3175 524 3231 Non
544 3176 655 3241 validis,
676 3176 725 3232 sed
742 3175 870 3249 pulchris.
915 3177 1015 3230 Plinius
1034 3177 1102 3230 Hist.
1121 3176 1182 3228 Nat.
1202 3176 1276 3240 Vlll,
1295 3191 1354 3244 cap.
1373 3190 1419 3243 17:

366 3253 495 3306 Ltcrenr.
918 3257 1422 3328 aLeonipraecipuagenerositss,tunc

403 3331 464 3402 571.
474 3331 514 3384 Ac
521 3330 639 3403 primum
643 3329 741 3402 faciles
744 3344 873 3403 pressante
916 3335 1418 3410 quumcollaarmoaquevestiuntjube.

367 3411 484 3481 wide,
495 3420 545 3462 ⁶¹0·
556 3411 614 3461 ΡΜ·
623 3411 869 3483 qrmsslssrcutplde·
914 3418 945 3471 ld
957 3421 1027 3472 enim
1038 3429 1113 3472 utute
1125 3417 1255 3486 contingit
1267 3414 1346 3468 leone
1358 3434 1422 3468 con-

404 3491 465 3562 572.
483 3491 567 3542 ΑΜ
585 3489 665 3562 ”sm
682 3490 763 3556 ³0⁶5ss
784 3490 871 3545 Glnret
915 3495 1426 3573 ceptisQuosveropardigeneravere,

366 3569 429 3623 hinc
445 3589 503 3622 mos
516 3582 592 3622 vetus
606 3568 760 3641 pugnandi,
774 3571 870 3626 Heroi-
915 3596 1019 3650 semper
1035 3578 1132 3646 insigni
1146 3576 1200 3628 hoc
1218 3585 1325 3638 carent3
1340 3575 1419 3633 simili

366 3650 418 3704 bus
429 3652 552 3704 nimirum
563 3664 625 3703 ente
637 3651 744 3719 agmina
754 3669 802 3704 aua
812 3670 872 3723 pro·
914 3657 996 3710 modo
1010 3658 1122 3710 femine.
1133 3677 1145 3700 ι

367 3729 549 3796 currentibus,
564 3745 592 3784 et
605 3729 777 3784 redeuntibus
789 3733 870 3802 partis
951 3736 1012 3806 576.
1023 3735 1106 3787 Haud
1112 3732 1215 3806 procul.
1225 3733 1282 3784 Aut
1289 3732 1383 3805 procul
1391 3735 1420 3785 in

367 3810 473 3884 apollin,
485 3823 531 3865 aut
546 3824 652 3882 peracta
665 3809 750 3879 cade,
765 3811 800 3864 ad
814 3824 870 3864 tur·
915 3815 1009 3868 eodem
1021 3817 1081 3866 Pur.
1093 3811 1194 3865 codice.

366 3910 424 3944 maa
436 3909 505 3944 suas.
518 3892 580 3959 Quo
593 3889 776 3943 animadverso
787 3891 869 3944 multa
951 3892 1011 3947 580.
1022 3891 1147 3964 Aliosque
1155 3901 1310 3964 sequentem.
1319 3895 1374 3946 flos
1383 3893 1422 3944 iu·

367 3967 441 4042 apud
455 3971 614 4037 Homerum,
629 3987 743 4041 eumque
755 3987 871 4042 sequen·
914 3985 1087 4046 sequentem,
1107 3973 1151 4043 qui
1171 3973 1310 4043 propiores
1328 3985 1421 4039 erant,

367 4063 408 4104 tea
421 4063 515 4123 poetas
529 4050 612 4118 alios,
626 4053 713 4104 minus
727 4053 819 4124 inepta
834 4054 870 4104 vi·
915 4049 972 4104 aliis
983 4049 1191 4114 infrendentem,
1202 4049 1421 4124 quilonginqnio·

368 4129 511 4186 debuntur.
530 4131 628 4184 Birra.
915 4148 957 4185 res
976 4141 1066 4192 erant,
1086 4141 1112 4180 et
1131 4130 1346 4200 qnoscttingere
1365 4147 1419 4181 non

405 4210 465 4282 573.
485 4211 610 4282 Hyrcana
629 4205 668 4261 lec
687 4209 794 4281 Caspius
811 4227 870 4260 um·
914 4221 1028 4280 poterat.
1044 4208 1103 4258 Vet.
1118 4203 1207 4258 Schol.
1384 4217 1385 4220 ’

370 4289 421 4344 tra.
438 4291 548 4362 (ἠφίει
563 4301 655 4360 gentes
669 4287 712 4340 hic
731 4287 870 4342 confundit
951 4288 1011 4343 581.
1030 4287 1141 4340 AEtolru.
1157 4283 1271 4358 Tydeus.
1289 4317 1324 4328 -
1341 4289 1418 4342 AEto-
