3194 5156
592 525 734 589 LIBER
759 525 784 589 l.
1142 523 1211 610 5¹9

201 654 243 716 Et
254 653 396 742 gemmis
409 649 468 718 lux
480 645 589 742 major
602 651 709 733 inest,
723 666 757 722 et
766 647 924 718 blandius
935 671 1070 717 numm.

201 766 310 855 Atque
323 764 388 853 ipsi
399 785 461 854 per
472 761 581 828 forme
592 764 689 846 Deae,
703 763 732 829 si
744 762 888 854 pectoris
898 783 1026 854 angues

202 877 324 956 Ponat,
337 890 371 941 et
382 889 514 942 exemto
526 872 679 965 placetur
688 871 818 944 casside
829 872 956 941 vultus.
989 887 994 908 ¹
1156 886 1213 938 300

203 988 300 1052 Hanc
311 984 369 1053 ubi
384 985 564 1054 ducentem
575 983 677 1078 louge
689 987 780 1053 socia
790 986 926 1078 agmina
936 983 1021 1052 vidit

202 1099 297 1163 Trux
309 1121 410 1188 puer,
423 1115 458 1165 et
469 1095 563 1164 nullo
576 1114 759 1165 temeratus
772 1113 907 1189 pectora
920 1113 1034 1176 motu3
1102 1161 1104 1166 .

204 1202 363 1298 Diriguit,
378 1210 524 1303 totisque
536 1231 664 1276 novum
676 1207 761 1275 bibit
772 1207 905 1276 ossibus
917 1210 1041 1300 ignem.

205 1323 274 1386 Nec
285 1319 366 1387 latet
374 1319 516 1388 haustus
529 1345 642 1404 amor,
655 1318 716 1388 sed
728 1321 785 1388 fax
795 1320 926 1388 vibrata
937 1317 1095 1386 medullis

206 1435 245 1498 ln
259 1430 374 1500 vultus
385 1450 489 1529 atque
504 1457 564 1500 orn
575 1432 678 1516 redit,
693 1430 874 1528 lucemque
886 1455 1050 1525 genarum
1161 1441 1212 1494 305

205 1544 334 1635 Tingit,
350 1559 383 1611 et
394 1543 581 1638 impulsum
593 1547 687 1613 tenui
699 1543 823 1612 sudore
835 1559 996 1636 pererrat.
1035 1573 1037 1580 ¹

205 1655 327 1721 Lactea
339 1659 537 1748 Massagetae
549 1655 654 1724 veluti
666 1681 775 1751 quum
787 1654 910 1748 pocula
921 1655 1056 1722 fuscant

196 1859 257 1927 298.
270 1859 304 1910 Ε.
317 1880 344 1934 g.
364 1859 382 1912 l.
403 1877 440 1910 m.
460 1861 478 1912 i.
500 1869 525 1912 et
544 1859 665 1913 blandius
709 1853 1214 1931 correpta-Motu.Scilicetamoris.

159 1954 261 1987 aunem.
277 1937 360 2009 Leng.
375 1949 400 1990 et
412 1936 534 1990 blandior
544 1955 617 1990 auro.
632 1967 665 1979 -
744 1938 806 1992 303.
827 1936 951 2008 Dtriqatr.
968 1934 1123 2004 Obstupuit.
1141 1933 1213 1983 Brun.

161 2015 276 2067 Gemmis
285 2025 311 2066 et
324 2015 598 2068 blandiusourum.ld
611 2030 664 2084 est,
708 2045 745 2059 ω-
770 2017 892 2088 Toiirque
919 2031 1016 2067 novum
1041 2012 1103 2064 bibit
1125 2011 1217 2062 ossibus

157 2096 268 2166 gemmis
276 2094 339 2166 ipsis
347 2112 378 2146 nc
387 2096 575 2168 aur0,qnibus
586 2114 664 2148 arnn-
710 2097 805 2170 ignem,
825 2093 951 2166 Virgilius
972 2095 1031 2146 AEn.
1051 2093 1077 2156 l,
1098 2110 1122 2142 v.
1142 2089 1216 2142 6602

159 2173 401 2238 beturDeidnmin,
413 2177 525 2227 necessit
537 2175 620 2246 gratis
633 2191 664 2226 ex
712 2199 724 2222 ι
739 2187 819 2248 atque
841 2174 946 2227 ossibus
965 2169 1084 2245 implicet
1098 2172 1185 2242 ignem
1202 2191 1213 2216 ν

158 2251 229 2304 illins
240 2251 563 2323 pulchritudine-Confi
570 2252 663 2306 Claud.
710 2255 737 2308 id
753 2269 806 2322 est,
821 2273 948 2308 amorem.

159 2330 225 2384 xio
233 2333 339 2404 Nuptiis
354 2334 424 2384 llon.
435 2346 461 2385 et
472 2335 609 2398 Mnriee‚v.
621 2349 661 2385 ιι.
745 2333 808 2400 304,
818 2336 875 2387 Nec
883 2333 948 2384 latet
955 2331 1059 2383 haustus
1065 2347 1148 2389 amor.
1156 2331 1216 2380 lum

197 2427 256 2480 299.
269 2411 358 2485 Atque
372 2413 421 2484 ipsi
433 2411 581 2482 parsorma
592 2414 662 2465 Deoe.
708 2411 993 2485 amorinqnitdchillis
1002 2409 1216 2481 petebat—Fas

159 2492 217 2543 Put.
229 2492 324 2543 Forma
333 2492 408 2544 deest.
420 2491 526 2563 -lieg
540 2490 664 2562 Bprtebet
709 2498 815 2550 vibrata.
831 2495 860 2546 ld
882 2505 922 2544 est
942 2509 1017 2544 emor
1036 2491 1168 2542 immissus
1189 2501 1216 2541 et

160 2569 230 2622 hane
253 2569 314 2623 lect.
336 2572 399 2640 lleg.
420 2570 442 2622 C
464 2583 590 2622 nostram.
615 2573 661 2622 nn.
708 2587 734 2626 et
749 2575 861 2624 infusus.
877 2573 999 2624 unicias.

160 2649 273 2701 -Deoe.
283 2649 313 2701 ld
327 2663 380 2715 est,
393 2648 504 2717 Palladi,
519 2667 598 2721 quam
610 2651 664 2702 lor·
744 2651 804 2705 30⁵.
819 2651 923 2702 Lucem.
936 2645 1110 2719 splendorem
1119 2657 1146 2698 et
1155 2645 1214 2717 pul·

160 2729 336 2780 mosisrirnsm
355 2729 461 2782 tradunt
476 2744 571 2800 poete.
585 2731 664 2784 —Si
709 2729 896 2783 ebritndinem.
912 2731 1034 2780 berrano.

158 2809 268 2880 'rectoris
285 2827 383 2881 anguet
410 2809 505 2861 Ponat.
529 2810 664 2882 AEgidem,
743 2807 805 2862 306.
822 2808 967 2882 Tingit‚et
983 2803 1124 2877 impulsum
1142 2804 1216 2854 terrui

161 2901 341 2958 legumentum
351 2891 516 2960 pectoris‚in
528 2893 665 2960 cujusme·
707 2889 799 2941 sudore
816 2898 940 2959 pererrat.
960 2885 1052 2957 Tingit
1069 2895 1095 2935 et
1116 2879 1215 2954 impul·

161 2967 206 3019 dio
215 2980 296 3040 capnt
305 2982 362 3022 erat
373 2970 520 3040 Gorgonis,
532 2969 664 3041 anguibus
708 2986 763 3021 sam
775 2965 900 3018 nonnulli
911 2963 989 3017 codd.
1004 2964 1145 3029 ternario,
1156 2964 1214 3012 Pnt.

161 3051 269 3102 crinito.
709 3047 795 3101 Colin.
808 3045 885 3098 Basil.
897 3044 983 3096 Plant.
997 3041 1178 3110 Lindenbrog.
1189 3055 1215 3092 et

197 3128 258 3180 300.
272 3128 373 3193 Ponat,
390 3142 415 3182 et
432 3141 533 3182 exenta
547 3130 667 3203 placetur
709 3128 786 3179 Crue.
796 3130 865 3178 -ln
878 3126 959 3194 Regg.
973 3123 992 3174 B
1004 3135 1031 3176 et
1040 3122 1216 3186 Cinvenitnr‚

161 3207 256 3260 casside
265 3205 358 3258 vultus.
367 3209 429 3260 Ere.
441 3209 518 3278 Burg.
532 3220 557 3260 et
568 3220 663 3280 erepta.
712 3207 835 3278 Tinguit,
847 3218 873 3258 et
885 3198 1025 3276 impulsam
1038 3204 1110 3254 tenui
1126 3201 1216 3254 sudore

162 3287 227 3338 Dan.
244 3287 367 3337 Heinsius
382 3287 416 3338 od
428 3285 567 3339 claudian.
585 3290 663 3359 sapt.
707 3300 831 3359 pererrat.
853 3314 890 3325 ·-
911 3285 1010 3357 Tingit.
1036 3285 1073 3334 Es
1096 3277 1201 3333 interno

161 3370 234 3419 Pras.
247 3368 286 3431 ll,
309 3366 371 3436 147,
387 3365 529 3437 legendum
543 3367 624 3420 dicit:
640 3379 666 3420 et
709 3369 810 3439 inquit,
826 3365 922 3417 ardore
942 3365 1052 3426 umoris,
1067 3361 1154 3414 vultur
1170 3379 1200 3414 ru

162 3458 263 3498 exemto
281 3459 390 3517 pacetur
407 3447 502 3500 casside
522 3445 615 3500 vuitus.
630 3477 665 3487 -
709 3449 776 3500 bore
791 3446 1021 3501 suffundebatur:
1041 3446 1120 3516 tingit
1137 3452 1214 3514 ergo,

162 3527 226 3597 Reg.
242 3527 263 3577 B
278 3525 400 3592 exhibet,
412 3539 438 3579 et
446 3538 547 3578 exemto
560 3539 668 3600 pacetur
709 3527 808 3579 rubore
824 3527 964 3596 adspergit.
976 3527 1099 3576 Βιιιτιιιιι.

162 3605 665 3679 capsidevultus;Reg.Cnostramleet.
747 3609 808 3678 307.
822 3609 851 3659 L.
870 3609 909 3658 M.
923 3606 1006 3659 veluti
1022 3624 1103 3679 quum
1119 3604 1215 3677 pocula

163 3686 210 3739 En.
235 3715 271 3728 --
290 3686 421 3740 Placetur.
445 3689 535 3740 Mitior
557 3689 612 3740 fiat.
631 3717 666 3728 -
705 3689 821 3759 fuscant.
844 3689 912 3739 Dan.
934 3689 1057 3738 Heinsius
1080 3686 1114 3737 ad
1138 3687 1215 3737 Clau·

163 3767 275 3819 Exemta
299 3768 401 3820 casside.
426 3767 555 3838 Deposita
580 3765 665 3837 galea.
711 3768 873 3837 dion.llept.
888 3765 1216 3835 Prns.ll,96‚legendum

165 3845 319 3896 Mirumnr.
343 3847 432 3913 Quum
453 3847 523 3896 enirn
538 3844 592 3896 hee
612 3845 667 3897 Des
713 3861 788 3918 putat
801 3867 807 3896 t
821 3845 901 3898 veluti
911 3865 992 3919 quum
1004 3843 1100 3918 poeula
1107 3844 1214 3914 fut-aut.

164 3919 278 3989 benigna
290 3920 373 3974 rideri
383 3922 480 3987 voluit,
495 3922 592 3975 dicitur
605 3925 666 3994 tegi·
712 3957 747 3968 ·-
761 3931 836 3979 Hane
850 3928 908 3980 lect.
925 3927 1005 3980 habet
1021 3929 1085 3996 Reg.
1103 3929 1135 3986 B;
1153 3928 1215 3994 ch.

165 3997 225 4051 dem
236 4014 262 4051 et
274 4002 404 4053 cassidem
419 4002 583 4074 deposuisse.
712 4009 734 4059 C
744 4021 870 4059 nostram.
880 4010 926 4058 En.
934 4007 1135 4078 -Massagetm
1146 4008 1217 4056 Mus-

201 4081 262 4132 302.
277 4082 424 4135 Temerariis
440 4094 553 4153 pectora.
568 4081 668 4156 Synee·
713 4099 808 4156 segete
824 4099 884 4137 sunt
897 4083 989 4158 populi
1002 4083 1112 4156 Scythice
1123 4085 1218 4134 Asiati·

166 4159 253 4212 ‹lacbe
265 4174 319 4226 est,
335 4160 360 4212 id
370 4175 423 4228 est,
437 4176 544 4233 pectora
557 4181 611 4214 non
622 4162 667 4214 lra-
714 4183 750 4216 cre
762 4163 830 4216 ultrn
847 4183 917 4217 mare
930 4165 1056 4235 Caspium
1070 4175 1096 4214 et
1108 4163 1217 4214 flurium

166 4239 232 4292 bens
249 4238 336 4308 adbuc
360 4253 501 4307 temerate,
523 4241 621 4293 violata
643 4255 669 4293 et
713 4246 860 4306 iaxartem,
884 4243 1020 4298 Orientem
1040 4259 1146 4307 versus,
1171 4243 1217 4314 qui
